2064 3115
228 157 325 214 008
456 183 459 185 ·
608 204 615 207 ,
771 166 1180 208 Ηῐετοκιᾼ
1249 170 1442 210 vi‘rffi

353 307 378 337 ι
400 307 424 337 Ε
445 306 473 337 o
493 307 524 337 N
544 308 558 336 1
580 306 599 336 s
652 307 678 336 x
717 287 917 354 potuiffe,
941 294 1026 346 cui,
1061 310 1084 339 ι»
1104 309 1202 341 σω
1217 309 1279 341 ‘rx
1295 309 1400 342 ANr
1430 294 1539 342 olim
1567 293 1914 362 discipulo‚nihil

340 375 431 405 non
460 370 582 422 putes
616 373 797 414 eorum,
828 376 921 424 quae
964 359 1016 406 ad
1061 379 1083 408 ι>
1099 378 1128 409 o
1143 364 1245 409 ΠΤ
1262 381 1276 409 1
1294 380 1326 409 A
1344 381 1375 409 N
1390 380 1406 409 1
1442 359 1580 409 musas
1611 366 1877 427 pertinebant
1901 398 1916 418 .

340 437 620 490 compertum
660 422 800 478 fuiffe.
885 428 977 474 Diu
1011 430 1058 476 hi
1098 428 1222 484 libri,
1250 447 1273 476 a
1322 448 1346 477 ι»
1368 448 1396 479 o
1413 449 1437 478 r„
1455 450 1469 477 1
1493 449 1524 479 rr
1541 450 1556 478 1
1577 449 1608 478 A
1623 449 1655 478 N
1670 449 1700 479 o
1746 432 1913 486 collati,

337 493 518 559 publicis
548 491 686 540 usibus
718 508 973 559 patuerunt,
1007 500 1053 545 ὅ(
1084 495 1283 563 religiose
1315 497 1512 549 custoditi
1544 496 1637 546 sunt
1671 502 1719 546 in
1751 499 1916 546 Biblio-

337 563 460 608 theca
489 558 699 609 Medicaea
721 582 734 621 3
782 565 855 610 ubi
877 561 988 612 visos
1010 563 1084 612 fibi
1107 569 1153 613 ὅ(
1175 564 1384 630 inspestos
1405 567 1577 615 testatur
1617 585 1641 615 r
1661 586 1685 616 Ε
1700 584 1732 614 'r
1749 585 1777 615 R
1794 604 1804 614 .
1843 583 1916 615 νι-

341 647 368 678 c
393 646 423 676 Τ
445 647 472 678 o
490 648 518 677 R
533 646 548 676 1
562 646 622 679 us
659 632 704 677 in
741 633 946 697 Casttgat.
967 639 1017 681 in
1038 637 1310 682 Columellam
1332 635 1453 683 dere
1473 639 1632 698 rustica
1657 651 1707 703 p,
1720 653 1783 692 70,
1799 640 1915 696 cujus

337 698 588 745 testimonio
625 699 697 745 hie
729 698 966 748 commode
1002 715 1179 750 utemur
1211 706 1258 750 in
1290 721 1385 750 rem
1426 704 1644 758 nostram,
1674 718 1747 758 ut,
1783 720 1916 770 quan-

337 779 432 814 tum
456 763 508 812 de
529 767 617 813 hoc
640 766 787 816 labore
822 766 975 816 eruditi
1009 768 1188 816 debeant
1226 788 1249 818 P
1269 788 1296 817 o
1322 789 1347 817 1.
1371 790 1387 818 1
1411 787 1442 817 ‘r
1465 791 1480 818 1
1503 792 1533 820 A
1550 791 1582 819 N
1604 790 1631 820 o
1651 808 1683 827 ,.,
1701 775 1801 819 hinc
1836 789 1914 836 ap-

336 846 496 900 pareat.
568 839 683 889 Non,
705 838 856 900 inquit,
882 840 1104 904 exemplar
1134 837 1274 903 t‘pficm
1293 838 1471 903 semper
1493 840 1683 901 confielui
1694 876 1707 895 ,
1717 840 1806 903 fid
1836 841 1916 888 ha·

336 902 412 950 bui
444 901 614 964 excusos
632 905 801 967 formis
824 904 972 963 libros,
995 923 1101 972 quor
1124 922 1218 952 cum
1245 912 1447 973 antiquis
1468 908 1559 954 illis
1583 910 1772 973 Angelus
1799 911 1916 956 Poli-

337 977 490 1017 tianus
504 969 689 1032 studiose
719 972 823 1017 olim
853 975 1099 1020 contulerat
1114 1008 1128 1027 ,
1149 990 1298 1041 eosque
1315 1009 1329 1028 ‚
1353 988 1569 1041 quantum
1606 976 1718 1023 mihi
1739 992 1916 1022 commo-

336 1040 441 1088 dum
464 1039 580 1101 fuit,
592 1039 886 1103 pertraft'avi.
958 1042 1030 1088 Illi
1053 1047 1168 1088 enim
1188 1061 1354 1109 quoque
1379 1041 1542 1110 publici
1560 1043 1687 1106 sient.
1759 1044 1917 1091 Erudi-
1963 1044 1969 1046 ⁷

337 1106 486 1167 tiffi'mi
519 1107 663 1172 igitur
687 1113 782 1154 viri
815 1106 936 1157 labor
957 1126 1114 1176 magno
1133 1127 1199 1156 me
1223 1110 1363 1158 labore
1387 1114 1553 1160 levavit
1573 1129 1588 1158 .·
1624 1110 1916 1179 quiquidem,

338 1187 391 1223 ut
422 1187 522 1221 erat
552 1174 742 1240 diltgens
764 1176 816 1226 ἐν’
837 1191 1091 1234 accuratus,
1123 1178 1205 1225 hac
1234 1178 1444 1227 librorum
1477 1182 1695 1229 collatione
1734 1179 1916 1239 mirifice

337 1240 661 1297 deleffisabatur,
699 1244 750 1294 ὅ
769 1251 841 1292 ita
857 1248 971 1313 pff»
988 1245 1111 1293 bonos
1135 1251 1313 1294 Autores
1333 1249 1486 1295 multis
1507 1250 1690 1296 maculis
1703 1255 1916 1315 purgari,

337 1328 439 1360 vere
463 1310 752 1371 existimabat.
788 1341 830 1350 -
853 1343 894 1352 —
913 1333 1035 1369 nam,
1060 1329 1111 1362 ut
1131 1319 1266 1377 ajunt
1285 1351 1298 1371 ‚
1322 1314 1454 1364 libros
1475 1323 1610 1364 etiam
1639 1319 1780 1383 legum
1817 1317 1916 1364 illu-

324 1380 473 1442 strare
495 1379 576 1441 fico
590 1380 737 1441 studio
760 1381 812 1432 Εἴ
832 1383 1052 1445 industria
1074 1384 1286 1449 cupiebat,
1327 1386 1691 1447 &fundamenta
1700 1389 1806 1444 jam
1836 1385 1914 1434 hu·

326 1452 410 1511 jus
420 1447 499 1511 siti
519 1448 680 1495 laboris
708 1453 900 1510 jecerat.
972 1454 1028 1498 At
1061 1448 1244 1499 successu
1278 1454 1485 1516 temporis
1522 1450 1708 1514 perdidit
1750 1449 1914 1515 iufigne

337 1517 424 1564 hoc
467 1513 595 1563 decus
649 1533 755 1565 LAU
773 1535 800 1564 R
820 1535 845 1564 E
866 1537 899 1565 N
916 1537 948 1567 Τ
967 1537 1111 1567 IANA
1158 1519 1449 1575 Bibliotheca,
1497 1530 1611 1565 certe
1644 1518 1914 1580 investiganti

343 1602 366 1633 Β
384 1600 456 1640 1123
474 1601 506 1631 N
524 1600 549 1630 e:
566 1603 603 1631 Μ
619 1602 652 1631 Α
670 1603 703 1632 N
722 1603 798 1632 No
836 1603 927 1633 non
958 1584 1169 1640 ostendit,
1201 1585 1254 1632 de
1291 1603 1378 1650 quo
1411 1584 1531 1639 dolet
1563 1582 1652 1648 ipse
1683 1586 1729 1630 in
1752 1585 1916 1643 Histor.

336 1651 542 1700 Pandeel.
566 1652 658 1700 Lib.
679 1655 746 1699 IV.
772 1656 868 1719 Cap.
884 1672 912 1700 1.
946 1669 987 1717 p.
997 1671 1083 1714 317.
1172 1654 1279 1699 Satis
1312 1665 1460 1701 tamen
1501 1649 1554 1699 de
1588 1654 1751 1699 horum
1784 1651 1916 1699 libro-

337 1736 441 1767 rum
466 1721 630 1767 ratione
653 1737 706 1767 ex
729 1717 896 1785 scriptis
922 1721 1109 1769 aliorum
1133 1720 1310 1769 constat.
1379 1723 1486 1768 Non
1524 1738 1693 1767 meram
1718 1719 1915 1768 collatio-

335 1804 439 1834 nem
463 1786 699 1834 institutam
734 1806 756 1834 a
794 1808 816 1836 P
838 1807 865 1837 o
891 1808 914 1835 L
936 1809 951 1836 1
971 1809 1001 1838 T
1021 1809 1035 1836 1
1058 1808 1088 1838 Α
1106 1808 1139 1837 N
1158 1808 1186 1838 o
1215 1823 1229 1842 ,
1266 1786 1336 1835 sed
1359 1792 1405 1836 ὅ(
1437 1791 1624 1853 margini
1647 1785 1821 1836 subinde
1841 1789 1915 1837 ali-

336 1852 442 1920 quid
464 1853 731 1910 notularum,
753 1859 1003 1904 critic-arum
1035 1870 1156 1920 puto,
1171 1854 1383 1911 additum,
1408 1873 1487 1904 nos
1510 1855 1662 1913 docet,
1685 1860 1757 1922 qui
1778 1856 1912 1905 libros

337 1925 418 1970 hos
442 1940 465 1968 a
492 1925 632 1986 capite
652 1921 704 1969 ad
733 1923 893 1972 calcem
923 1925 1226 1990 pervolutavit,
1250 1944 1282 1972 A
1304 1945 1337 1972 N
1355 1945 1403 1973 T.
1445 1944 1478 1972 A
1497 1943 1524 1971 υ
1546 1942 1575 1973 G
1596 1942 1624 1972 u
1647 1943 1666 1972 s
1692 1941 1723 1972 'r
1742 1945 1757 1973 1
1778 1944 1811 1972 N
1832 1943 1860 1972 υ
1886 1944 1906 1974 ς

338 1989 521 2038 LibJV.
547 1992 772 2040 Emendat.
791 2011 838 2051 ²4
861 2011 877 2038 .·
945 1995 996 2039 In
1021 1993 1091 2039 his
1113 1996 1330 2041 Politiam'
1354 1993 1481 2040 libris
1505 2000 1553 2039 in
1574 2000 1774 2058 margine
1797 2011 1913 2060 qua-

334 2059 442 2107 dam
461 2056 637 2125 streptu
663 2066 832 2126 reperi,
854 2079 946 2128 quae
973 2067 1015 2108 ei
1034 2062 1208 2129 legenti,
1228 2075 1279 2109 ut
1287 2061 1366 2121 fit,
1384 2066 1435 2108 in
1460 2074 1643 2109 mentem
1664 2061 1911 2113 veniebant.

337 2130 410 2181 Et,
434 2144 489 2174 ne
505 2166 517 2185 ,
536 2132 654 2188 qu'us
690 2132 858 2194 generis
890 2131 956 2177 hae
983 2132 1295 2178 Annotationes
1318 2128 1494 2187 fuerint,
1519 2126 1690 2190 nescias,
1713 2129 1912 2196 pulcher·

338 2199 502 2243 timum
536 2213 685 2243 earum
714 2194 928 2261 specimen
962 2197 1079 2246 idem
1124 2218 1156 2248 A
1174 2218 1203 2247 υ
1225 2216 1254 2247 G
1274 2216 1303 2245 υ
1324 2216 1343 2246 s
1365 2215 1539 2247 T1Nus
1580 2200 1607 2246 l.
1631 2217 1663 2248 c.
1714 2197 1909 2264 profert,

337 2267 406 2312 cui
440 2261 697 2329 suffragatur
725 2269 790 2313 vir
817 2265 1106 2323 doffiffimus,
1135 2270 1498 2334 vehementerque
1525 2265 1755 2332 applaudit.
1826 2269 1912 2316 Le-

336 2345 408 2399 gat
440 2331 483 2379 id
516 2343 645 2397 penes
681 2352 711 2381 A
729 2352 757 2380 u
777 2353 808 2383 G
825 2354 852 2382 u
877 2355 895 2383 s
920 2354 951 2384 T
972 2356 986 2384 1
1007 2356 1039 2384 N
1057 2356 1155 2392 υΜ,
1186 2353 1318 2404 quem
1357 2342 1485 2400 juvat,
1553 2334 1677 2384 Idem
1722 2355 1754 2384 A
1772 2353 1839 2385 UG
1858 2354 1912 2383 υ-

340 2421 360 2451 s
378 2420 409 2450 T
430 2419 442 2448 1
460 2420 492 2449 N
511 2419 538 2447 υ
561 2418 580 2448 s
599 2437 611 2456 ‚
649 2401 720 2449 etfi
752 2403 901 2467 paffim
929 2404 1145 2454 collaudet
1174 2425 1197 2453 P
1216 2424 1244 2454 o
1259 2425 1283 2453 L
1301 2425 1316 2452 1
1335 2425 1365 2455 Τ
1384 2424 1399 2452 1
1416 2423 1449 2453 A
1466 2423 1498 2453 N
1517 2424 1533 2452 1
1574 2407 1621 2451 in
1640 2401 1910 2453 conferendo

337 2469 504 2518 Codice
525 2473 699 2537 antiquo
731 2471 1190 2541 industriam,eJusque
1223 2474 1458 2522 lediionem
1480 2471 1700 2539 saepiffime
1730 2473 1911 2539 probet,

336 2537 571 2587 nonnullos
594 2551 738 2587 tamen
759 2545 847 2603 ejus
871 2559 1039 2591 errores
1061 2556 1195 2601 notat,
1208 2546 1252 2589 in
1275 2541 1460 2610 legendo
1487 2537 1805 2596 admiffOS,nec
1828 2559 1905 2589 no-

338 2621 396 2655 tat
419 2605 690 2662 tantum,sed
721 2612 767 2656 &
791 2608 1028 2659 feliciffime
1065 2610 1279 2660 emendat.
1350 2614 1633 2659 Documento
1668 2609 1778 2665 fint,
1815 2629 1910 2677 quae

338 2676 518 2741 protulit
551 2677 686 2727 LibJ.
708 2680 881 2730 Emend.
895 2684 929 2739 I,
944 2701 988 2740 4,
996 2698 1042 2739 5,
1065 2685 1142 2739 III,
1171 2702 1202 2737 ι,
1217 2699 1264 2742 3,
1288 2681 1352 2728 ad
1375 2680 1596 2740 Modestin.
1629 2678 1681 2726 de
1709 2680 1910 2743 Excusat.

328 2746 413 2794 Ἰώ
449 2751 547 2808 503
571 2746 621 2797 δῖ
642 2766 699 2808 4.
724 2749 749 2797 Ι.
768 2760 795 2802 8
814 2762 893 2818 pr.
924 2752 969 2799 ἀ
993 2749 1107 2799 alibi.
1155 2748 1266 2801 lllud
1305 2751 1436 2797 etiam
1474 2751 1521 2796 in
1553 2764 1607 2796 eo
1637 2747 1913 2867 reprehendit

1818 2821 1873 2867 Li
1900 2856 1911 2869 .
