2064 3115
225 223 512 281 aucant
576 229 1018 279 Amnssocmt
1074 226 1521 279 vom-runt.
1635 210 1707 270 λιι

141 357 207 413 lit,
239 361 438 404 inimicos
472 353 648 403 aemulos
678 369 732 399 ue
765 354 865 398 huic
893 354 1013 416 genti
1045 356 1090 399 ὅ(
1124 368 1309 399 numero
1338 349 1524 406 multos,
1544 349 1590 394 ὅ(
1621 358 1696 392 eos

140 423 548 475 vehementiffimos,
570 370 791 484 fuilse5qui
811 422 995 467 minime
1032 419 1149 467 ferre
1186 421 1407 486 potuerint
1435 413 1698 463 crescentem

140 496 189 539 in
214 491 328 550 dies,
348 496 394 540 ὅ(
423 507 475 539 ex
510 484 760 533 tenuiffimis
790 489 920 533 initiis
941 491 986 533 in
1004 484 1253 553 supremum
1283 485 1498 552 fastigium
1519 479 1699 545 surgen-

140 572 258 618 tem,
278 561 398 620 hujus
428 555 584 602 domus
624 551 848 602 fortunam
884 571 1002 621 aeque
1037 572 1085 604 ac
1106 557 1367 621 potentiam,
1392 547 1696 603 funessiffimis·

139 645 224 695 que
252 624 430 673 consiliis
453 626 498 669 in
524 638 628 686 opes
658 627 760 684 ejus,
774 625 818 668 in
848 625 1090 679 honorem,
1110 628 1154 671 in
1179 627 1311 671 vitam
1341 621 1523 685 denique
1543 613 1695 681 ipsam,

138 692 373 743 invaserint.
444 692 586 749 Hujus
620 689 868 734 calamitatis
900 703 1069 752 partem
1102 692 1288 754 aliquam
1324 688 1375 736 ad
1405 686 1517 753 ipsos
1549 681 1695 733 Medi·

137 779 232 815 eaefae
263 761 408 823 gentis·
427 756 651 811 alumnos,
675 753 959 821 nostrumque
986 754 1093 802 adeo
1127 775 1154 803 -P
1173 773 1201 802 o
1217 774 1242 802 L
1257 775 1271 802 1
1292 773 1322 802 T
1339 774 1353 801 1
1369 775 1401 802 A
1420 773 1452 801 N
1473 771 1502 800 υ
1521 773 1576 804 Μ,
1597 766 1696 815 per·

135 820 314 879 veniffe,
337 827 423 872 hoc
454 827 591 888 magis
623 820 827 870 credibile
859 823 946 879 est,
980 841 1068 888 quo
1100 825 1254 869 certius
1287 823 1488 868 omnium
1523 829 1696 863 aetatum

133 893 327 958 exempla
354 891 528 948 docent,
554 890 704 938 iisdem
728 894 884 946 armis,
906 891 1060 957 quibus
1081 890 1261 955 stirpem
1280 892 1327 937 δι
1359 884 1551 935 radicem
1569 883 1698 942 arb02

131 964 215 1016 ris,
244 957 621 1009 circumnascentia
650 958 832 1025 virgulta
868 962 969 1024 peti.

16 1073 107 1138 (b)
143 1075 244 1135 Q1o
284 1078 377 1135 jure
420 1077 465 1119 in
514 1072 625 1120 libro
672 1072 1048 1135 Mistellaneorum
1098 1069 1210 1118 furta
1247 1070 1422 1117 'autoris
1477 1066 1693 1114 notaverit

131 1159 163 1190 G
179 1159 203 1188 Ε
223 1158 251 1190 o
267 1159 294 1188 R
314 1159 344 1189 G
363 1177 375 1191 .
409 1160 447 1188 M
465 1160 490 1188 E
510 1148 539 1187 n
559 1154 587 1186 u
610 1135 634 1186 ιζ
656 1160 688 1188 A
707 1175 720 1197 ,
757 1138 942 1186 diximus
972 1136 1327 1198 §.antecedente
1344 1173 1359 1193 ‚
1395 1152 1475 1182 nec
1511 1133 1693 1197 antiquis

126 1208 210 1256 illis
252 1207 392 1254 litibus
432 1226 544 1255 nunc
585 1207 730 1254 denuo
772 1225 853 1254 nos
892 1204 1243 1255 immiscebimuS.
1345 1204 1416 1250 De
1459 1201 1538 1248 alia
1583 1200 1693 1246 alio-

127 1292 230 1324 rum
260 1273 524 1322 accusatione
553 1280 638 1337 jam
671 1274 933 1328 videbimus,
968 1293 1047 1322 nec
1076 1277 1209 1320 atroci
1242 1275 1410 1325 minus,
1437 1287 1516 1316 nec
1547 1270 1692 1315 minus

87 1394 102 1409 -,
125 1340 240 1392 falsa.
312 1344 382 1390 De
403 1360 484 1408 qua
515 1360 615 1389 cum
638 1359 727 1388 non
761 1341 836 1398 nisi
869 1360 920 1389 ex
952 1341 1076 1406 ipfius
1112 1341 1360 1388 testimonio
1398 1357 1421 1386 P
1438 1356 1465 1386 o
1483 1357 1507 1384 L
1525 1355 1541 1384 1
1564 1351 1597 1383 *r
1615 1354 1712 1402 m·-

113 1415 163 1457 ’Ν
181 1429 197 1456 1
244 1409 423 1465 conflet,
439 1409 534 1456 rem
558 1427 763 1466 omnem,
786 1408 888 1455 ficut
921 1410 971 1456 ab
994 1427 1047 1456 eo
1074 1409 1201 1456 relata
1231 1408 1290 1455 est
1319 1406 1393 1453 sub
1433 1405 1568 1452 finem
1599 1408 1694 1451 Mi-

112 1476 443 1538 scellaneorum,
464 1479 536 1520 hic
559 1474 845 1521 edisseremus.
886 1514 889 1521 .
917 1479 1160 1529 Nimirum,
1183 1487 1410 1539 antequam
1436 1473 1528 1519 luce
1554 1471 1694 1534 publi-

58 1555 76 1590 ‘.
124 1559 173 1588 ca
205 1541 383 1589 donaret
413 1542 572 1603 librum
599 1543 714 1588 hunc
737 1542 1129 1604 Miscellaneam,
1143 1544 1265 1606 Opus
1288 1545 1570 1604 integrum,ut
1594 1557 1694 1586 mo-

25 1600 32 1609 *
122 1612 183 1656 ris
207 1609 267 1656 est
299 1613 409 1656 inter
434 1608 825 1664 erudims‚‘a1nicis
867 1609 1031 1676 aliquot
1067 1607 1148 1655 suis
1191 1608 1466 1672 speciandum
1510 1606 1692 1671 praebuit

123 1694 193 1725 1³0
215 1696 239 1724 L
258 1694 322 1728 ιτ
338 1696 353 1723 1
372 1695 406 1726 A
428 1696 461 1726 N
481 1696 510 1725 u
535 1695 554 1724 s
572 1712 586 1731 ,
619 1694 673 1724 eo
706 1675 850 1724 forsan
881 1681 1055 1736 animo,
1082 1690 1128 1723 ut
1160 1674 1315 1739 judicia
1347 1682 1503 1722 eorum
1538 1674 1692 1739 explo-

121 1758 251 1799 raret,
288 1748 438 1811 hisque
463 1750 510 1792 in
531 1763 624 1792 rem
645 1743 763 1790 suam
783 1757 990 1794 uteretur.
1063 1747 1121 1791 At
1160 1762 1226 1792 res
1266 1743 1388 1790 aliter
1420 1743 1552 1809 longe
1582 1745 1692 1790 ceci.

121 1808 217 1867 dit,
239 1830 287 1859 ac
308 1810 551 1877 'speraverat
575 1816 639 1860 vir
663 1812 813 1861 bonus,
884 1816 970 1860 Vix
1001 1815 1119 1860 enim
1149 1811 1202 1860 de
1233 1811 1417 1877 eleganti
1448 1813 1535 1859 hoc
1575 1829 1598 1859 Ρ
1622 1828 1690 1858 0-

127 1896 153 1924 L
172 1896 189 1926 1
206 1897 237 1927 Τ
255 1899 321 1935 1A
335 1899 368 1928 N
384 1901 401 1929 1
441 1893 565 1946 partu
589 1879 702 1928 fama
724 1879 1040 1944 percrebuerat,
1061 1897 1162 1927 cum
1186 1896 1347 1927 novam
1370 1878 1510 1925 statim
1529 1876 1688 1927 invidia

122 1949 381 2011 excogitavit
412 1945 564 2004 artem,
583 1965 665 2012 qua
686 1948 858 1994 obviam
879 1951 932 1994 iri
956 1949 1107 2014 gloriae
1130 1947 1409 2011 laudibusque
1438 1945 1566 2010 possit
1581 1981 1596 2000 ,
1631 1963 1687 1995 ex

123 2011 278 2076 inligni
306 2014 393 2060 hoc
434 2013 642 2061 dod'irinae
692 2028 984 2061 monumento
1028 2013 1256 2061 certissime
1292 2032 1316 2060 P
1332 2031 1361 2061 o
1382 2030 1408 2059 1.
1431 2032 1447 2060 1
1467 2032 1499 2061 T
1518 2031 1536 2059 1
1555 2030 1586 2060 A
1604 2029 1636 2058 N
1652 2030 1694 2062 ο·

124 2078 406 2143 expectandis.
494 2081 685 2142 Repente
709 2084 841 2144 igitur
871 2083 916 2126 in
948 2081 1098 2145 vulgus
1131 2082 1344 2128 emanavit
1379 2078 1550 2135 fabula,
1571 2081 1695 2129 nihil

123 2149 200 2209 ff
231 2152 407 2202 mirum,
425 2150 475 2206 st
504 2147 700 2213 quadam
737 2153 847 2194 nova
879 2147 930 2197 &¹
962 2152 1149 2215 infignia
1180 2149 1255 2195 vel
1281 2162 1411 2197 antea
1442 2149 1688 2197 diHaverit

122 2216 371 2262 Politianus
395 2252 408 2271 ‚
451 2218 524 2263 vel
563 2232 672 2261 nunc
711 2216 874 2277 referre
917 2219 964 2261 in
1002 2218 1148 2264 literis
1186 2222 1405 2282 incipt'at:
1456 2217 1558 2263 olim
1575 2221 1685 2279 jam

105 2282 257 2343 „isthac
290 2289 434 2330 omnia
463 2282 776 2347 dilzgentiffi'me
809 2282 1053 2351 perſsripta
1100 2286 1328 2343 alNicolao
1356 2285 1532 2332 Perotto
1554 2319 1570 2338 ‚
1603 2291 1686 2352 qui

106 2350 259 2413 fuerit
290 2353 537 2417 Sipontinus
561 2351 784 2413 Pontifex,
797 2358 847 2397 in
882 2367 925 2397 eo
955 2357 1149 2399 maxime
1178 2350 1304 2406 libro,
1325 2356 1396 2398 cui
1416 2354 1598 2401 titulum
1604 2355 1684 2417 fe-

120 2417 237 2477 czffift
257 2420 389 2485 Copiae
421 2436 562 2466 cornu.
635 2421 736 2479 Ejus
757 2416 968 2466 Codicem
1000 2436 1130 2466 manu
1155 2430 1405 2476 exaratum,
1436 2423 1481 2467 &
1502 2418 1682 2485 quidem

118 2486 420 2551 archetypum,
443 2485 604 2532 exstare
639 2488 684 2531 in
714 2485 974 2534 Bibliotheca
994 2488 1128 2551 Ducis
1149 2487 1388 2543 Urbinatis,
1412 2486 1527 2535 unde
1558 2485 1684 2534 facile

116 2549 342 2616 impetrari
373 2553 479 2599 liber
509 2556 698 2617 potuerit
737 2571 759 2601 P
781 2571 810 2601 o
828 2573 852 2601 L
870 2572 886 2600 1
909 2571 940 2601 'r
961 2574 975 2602 1
996 2573 1027 2603 A
1048 2552 1086 2603 N'
1101 2573 1130 2604 o
1146 2591 1161 2611 ‚
1195 2563 1339 2621 opera‘
1378 2575 1403 2604 ι
1422 2575 1454 2604 Α
1475 2573 1506 2602 u
1524 2573 1552 2602 R
1567 2573 1592 2603 Ε
1612 2574 1646 2602 N
1660 2583 1681 2595 ·

119 2637 151 2667 Τ
169 2635 183 2664 1
201 2637 217 2665 1
270 2637 308 2665 M
328 2636 352 2666 Ε
372 2639 400 2668 D
422 2640 436 2667 1
458 2638 569 2678 εἰει,
587 2621 785 2668 Urbinati
807 2620 992 2687 Principi
1026 2622 1253 2685 ardiiffime
1273 2625 1501 2686 conjuncti.
1531 2624 1678 2687 Qem

116 2698 169 2734 ut
193 2686 333 2748 fimel
367 2695 645 2736 inuncaverit
678 2690 836 2738 librum
866 2697 1095 2756 rapinator
1124 2692 1196 2738 'ille
1217 2726 1232 2746 ‚
1260 2690 1476 2759 publicam
1497 2691 1681 2758 prorsfics

70 2776 73 2778 “
115 2761 354 2809 materiam
375 2762 557 2824 privati
587 2762 717 2817 juris
736 2760 913 2822 fec1ffi3
958 2764 1008 2810 65
1020 2796 1035 2816 ‚
1062 2773 1112 2808 ut
1142 2761 1257 2808 alter
1279 2759 1419 2826 AEsspi
1440 2760 1679 2827 graculus,

115 2821 260 2873 aliena
276 2822 525 2892 ficperbitffe
543 2828 711 2892 pluma.
790 2826 859 2874 De
890 2828 955 2875 his
989 2831 1150 2877 certior
1179 2825 1314 2877 faetus
1352 2845 1378 2877 ι»
1397 2845 1426 2878 ο
1444 2843 1500 2877 1.1
1516 2843 1548 2875 ‘r
1569 2845 1585 2874 1
1605 2844 1675 2874 A·

1092 2909 1095 2912 ’
1538 2914 1572 2944 N
1593 2911 1621 2943 U
1642 2912 1665 2944 8
