2064 3115
299 197 385 247 284
782 168 1198 240 ntsroam
1263 197 1481 241 vr‘rae

409 319 710 387 antiquiſjt'ma
727 320 1063 385 interpretanda
1093 327 1309 373 carmina,
1331 322 1502 384 fateor,
1515 322 1724 380 affee‘lavi
1753 327 1976 392 equidem.

408 402 461 437 ut
491 394 540 435 in
570 386 714 435 verbis
742 387 965 450 obsbletam
985 389 1263 449 vetustatem,
1281 391 1344 449 fic
1374 394 1422 435 in
1452 387 1655 451 menficra
1685 392 1780 455 ipsa
1813 395 1864 444 ξς
1897 411 1977 442 nu.

408 473 542 510 mero,
553 468 742 521 gratam
773 456 1017 522 quandam,
1037 463 1101 504 ut'
1102 456 1312 524 speravi,
1336 463 1590 504 novitatem.
1670 455 1865 507 Solemus
1895 463 1976 510 hu.

407 525 597 585 jusmodi
617 524 873 571 novitatibus
902 540 1058 589 parum
1081 527 1209 589 pretii
1233 523 1438 583 ssfftuere5
1472 541 1552 571 nec
1583 522 1682 571 licet
1711 525 1835 572 nobis
1867 545 1971 593 poe-

404 590 472 638 fin
506 590 738 639 laxioribus
767 590 1117 641 circumscribere
1149 595 1362 648 terminis,
1371 610 1502 658 quam
1520 592 1671 658 quibus
1707 593 1974 644 circumscri-

401 656 528 724 psere
566 671 745 709 veteres.
816 658 933 725 Qud
953 658 1124 707 tandem
1147 660 1317 707 artificii
1350 678 1576 707 remanere
1607 672 1727 726 putas
1762 664 1973 728 interpre-

403 730 558 776 tationi
578 731 780 775 carminis
808 730 946 776 Graeci
967 727 1216 783 metricae,fi
1242 727 1365 779 liceat
1384 747 1468 793 pro
1497 729 1691 783 arbitrio,
1718 727 1824 776 dum
1850 742 1890 777 te
1910 734 1974 780 in-

403 795 666 861 terpretandi
697 794 922 844 difficultas
943 807 1084 861 urget,
1107 796 1342 860 quamlibet
1365 797 1501 842 verbis
1528 796 1783 860 quibuslibet
1804 797 1976 846 mensu·

401 880 499 911 ram
520 862 690 915 addere.
756 865 926 918 Taceo,
938 881 993 911 ne
1022 863 1245 928 prudentis
1269 861 1445 928 quidem
1464 860 1564 920 effe,
1577 863 1814 929 quidquam
1839 869 1884 913 in
1904 869 1970 915 his

399 932 529 978 rebus
560 948 722 979 novare
741 950 756 989 3
826 949 929 978 cum
952 948 1240 977 numerorum
1263 933 1403 995 potius
1426 933 1704 995 ignorantiae,
1727 948 1857 997 quam
1889 953 1969 983 no·

400 1001 538 1045 vitatis
571 997 777 1054 consilio,
796 999 1054 1065 plerumque
1082 997 1124 1046 id
1150 998 1338 1045 tribuere
1370 998 1575 1046 Ledlores
1602 995 1776 1048 soleant.
1847 1001 1969 1051 Adeo

396 1084 559 1132 parum
601 1066 846 1117 verofimile
889 1065 1058 1114 videtur
1080 1103 1095 1123 ,
1125 1065 1167 1113 id
1208 1064 1350 1113 studio
1392 1070 1534 1131 potius
1575 1084 1599 1112 a
1633 1068 1762 1113 Poeta
1786 1104 1800 1123 ‚
1837 1087 1969 1135 quam

398 1135 672 1200 negligentiae
706 1136 845 1201 culpa,
865 1134 1044 1184 fat‘lum.
1114 1137 1164 1181 In
1191 1135 1400 1183 orichalco
1430 1134 1602 1199 culpam
1623 1133 1788 1185 fatetur
1805 1155 1873 1185 Po
1892 1156 1915 1185 t„
1933 1158 1970 1186 t·

399 1219 434 1249 ’r
450 1220 464 1248 1
483 1221 516 1250 A
534 1221 567 1251 N
587 1222 616 1250 U
635 1223 655 1251 s
671 1241 685 1260 ,
707 1202 739 1250 fi
762 1204 878 1252 retste
901 1208 1165 1268 interpretor
1189 1203 1316 1249 verba
1337 1203 1556 1268 Epistolae.
1633 1205 1692 1249 At
1721 1205 1766 1249 in
1801 1208 1967 1274 liquen-

395 1269 515 1318 tibus
554 1274 895 1337 patrocinantem
927 1271 1005 1321 fibi
1037 1272 1184 1320 habuit
1208 1274 1482 1320 autoritatem
1517 1289 1573 1318 vt
1589 1288 1817 1330 RG1211,
1851 1278 1967 1338 cujus

395 1339 490 1388 haee
524 1336 618 1388 sunt
649 1339 867 1389 notiffima
892 1357 905 1388 ε

562 1411 787 1477 Principio
809 1413 970 1464 coelum,
993 1428 1042 1458 ac
1068 1423 1231 1464 terras,
1253 1423 1500 1476 camposque
1520 1410 1760 1475 liquentes,

392 1478 524 1527 item:
549 1478 793 1545 Ignemque,
804 1476 1138 1544 horribilemque
1151 1479 1322 1540 feram,
1335 1478 1610 1542 fluviumque
1630 1479 1892 1544 liquentem,

393 1543 469 1593 etfi
490 1544 602 1610 apud
627 1543 812 1593 eundem
842 1546 1021 1592 Poetam
1048 1549 1265 1612 liquentia
1285 1547 1425 1599 mella,
1458 1548 1503 1591 ὅ(
1524 1547 1742 1610 liquentia
1750 1547 1960 1604 flumina,

391 1611 614 1677 produtstis
647 1612 812 1673 syllabis
848 1613 1094 1676 prioribus,
1117 1612 1322 1677 legantur.
1415 1609 1544 1656 Unde
1577 1628 1658 1656 nec
1701 1610 1835 1657 deleri
1875 1615 1961 1660 hoc

389 1678 534 1745 ipsum
571 1678 709 1744 passus
743 1679 803 1728 est
835 1698 858 1728 r
875 1696 940 1727 οι
958 1696 974 1726 1
992 1699 1023 1727 'r
1043 1699 1058 1726 1
1080 1697 1111 1726 A
1131 1697 1163 1726 N
1180 1695 1211 1725 u
1231 1696 1250 1726 s
1265 1715 1278 1733 ‚
1313 1677 1385 1724 etsi
1428 1676 1657 1724 facillimus
1694 1680 1740 1724 in
1776 1684 1926 1727 ceteris
1946 1715 1961 1735 ‚

390 1751 438 1795 in
473 1766 666 1813 quorum
697 1749 874 1803 locum,
897 1764 951 1794 ne
981 1748 1337 1794 obtredlatoribus
1368 1743 1658 1792 calumniandi
1693 1746 1962 1797 occafionem

388 1818 625 1880 praeberet,
648 1816 793 1882 postea
826 1813 1119 1862 emendatiora
1159 1812 1378 1861 substituit.
1453 1815 1560 1877 Qae
1592 1812 1753 1861 fuerint
1774 1816 1846 1862 illa
1869 1832 1961 1864 me·

388 1887 445 1930 tri
470 1887 587 1938 vitia,
612 1902 706 1950 quae
739 1883 904 1933 Nostro
937 1883 1082 1945 objicit
1118 1902 1155 1930 M
1175 1899 1199 1928 Ε
1220 1901 1246 1929 R
1263 1901 1292 1929 u
1312 1902 1334 1929 L
1352 1900 1384 1930 A
1433 1884 1480 1928 in
1519 1882 1642 1947 Epist,
1675 1883 1737 1928 ad
1772 1902 1795 1930 Ρ
1814 1902 1843 1932 o
1863 1903 1886 1931 1.
1910 1905 1924 1932 1
1944 1913 1959 1924 ·

393 1968 427 1998 'r
447 1970 464 1999 1
485 1970 519 2000 A
538 1971 571 2000 N
591 1969 620 1998 υ
640 1971 678 2000 Μ
706 1987 721 2006 ,
756 1950 845 1999 Lib.
867 1954 936 2002 XI,
967 1953 1063 2017 Epp.
1096 1944 1167 1997 15'0
1188 1969 1214 1996 L
1234 1988 1245 2000 .
1275 1953 1344 2016 Ep.
1361 1965 1418 2007 5,
1454 1967 1554 1997 cum
1599 1953 1819 1998 nominata
1866 1971 1958 2001 non

383 2018 466 2067 fint
500 2036 538 2068 Μ
553 2039 576 2068 ε
595 2039 620 2068 R
639 2036 669 2067 t]
693 2037 768 2066 ιε
783 2053 797 2074 ,
822 2021 895 2064 vix
931 2020 1042 2064 mihi
1070 2014 1267 2082 suspicari
1296 2017 1432 2063 liceat.
1502 2018 1712 2065 Meminit
1733 2021 1768 2064 is
1789 2021 1955 2078 horum

385 2088 526 2135 obiter
567 2086 741 2144 saltem,
775 2089 970 2153 quamvis
1010 2089 1057 2132 ὅ(
1089 2083 1146 2132 fic
1179 2081 1388 2133 invidiose
1425 2081 1551 2132 satis:
1622 2088 1838 2150 Notavere
1873 2090 1959 2135 alii

371 2157 564 2220 ſjdlabar
614 2164 664 2206 in
706 2162 862 2204 metris
917 2154 1070 2217 vitiose
1110 2157 1272 2221 positas
1293 2189 1307 2208 ,
1354 2155 1438 2201 alii
1477 2153 1725 2216 Soloecifinos
1758 2161 1955 2222 tettgerc.

386 2229 468 2289 Ego
501 2226 584 2272 haec
616 2227 668 2276 εἴ
699 2227 814 2271 talia
846 2230 894 2270 in
925 2226 1146 2270 Politiano
1177 2241 1253 2271 nec
1295 2228 1418 2287 exigi
1438 2257 1452 2277 ‚
1483 2239 1556 2269 nec
1589 2224 1778 2288 calvari,
1803 2225 1954 2272 debere

385 2295 510 2344 duxi.
534 2295 736 2358 Qaeqnae
770 2306 912 2338 tamen
937 2291 1009 2338 isla
1041 2289 1219 2347 fuerint,
1245 2309 1267 2337 x>
1287 2309 1313 2339 o
1337 2309 1361 2337 L
1384 2308 1399 2337 1
1416 2309 1446 2338 T
1464 2308 1478 2336 1
1497 2309 1526 2338 A
1544 2308 1578 2337 N
1599 2308 1627 2337 o
1667 2294 1715 2337 in
1732 2292 1952 2359 Epist-fik!-

383 2361 447 2409 ad
475 2378 737 2409 MERULA-M
772 2364 822 2406 iis
851 2356 1145 2414 accensentur,
1169 2377 1262 2425 quae
1283 2366 1334 2407 in
1352 2360 1508 2422 fronte
1540 2358 1635 2425 ipr
1656 2361 1829 2421 statim,
1850 2362 1950 2418 (ne-

379 2427 484 2488 scio,
519 2448 573 2477 an
603 2430 998 2493 Miscellaneorum‚
1022 2447 1075 2474 an
1096 2433 1353 2477 Carminum
1382 2427 1825 2493 quorundam‚)stcut
1855 2431 1949 2476 alia

381 2514 535 2547 errata
555 2498 857 2551 librariorum,
881 2499 1113 2561 coHegerat.
1186 2499 1369 2543 Horum
1401 2498 1520 2542 enim
1553 2513 1643 2544 non
1663 2513 1689 2542 a
1716 2493 1759 2542 se
1782 2531 1797 2549 ‚
1825 2492 1893 2543 sed
1925 2516 1947 2543 a

379 2565 625 2615 semidoffis
656 2565 752 2619 illis,
768 2563 1025 2611 reddendam
1055 2561 1137 2611 esse
1173 2569 1414 2619 rationem,
1437 2563 1602 2623 ajebat,
1626 2566 1699 2630 qui
1730 2563 1946 2612 librorum

377 2634 651 2683 excusoribns
674 2652 854 2699 operam
881 2650 1036 2679 navare
1072 2631 1247 2687 soleant,
1260 2647 1349 2679 tam
1371 2650 1526 2698 parum
1556 2629 1666 2696 saepe
1687 2635 1730 2678 in
1756 2631 1945 2698 legendis

377 2704 566 2751 aliorum
596 2702 763 2768 scriptis
794 2699 956 2755 versati,
981 2716 1031 2748 ut
1052 2717 1130 2749 aut
1151 2702 1337 2749 indacft'a
1360 2716 1442 2767 pro
1471 2706 1652 2767 receptis
1673 2701 1945 2768 supponant,

375 2787 453 2818 aut
476 2776 554 2837 ipsi
582 2790 635 2819 ex
667 2787 851 2838 tempore
882 2771 943 2817 ad
969 2769 1099 2830 stium
1142 2770 1401 2819 commodum
1427 2767 1550 2830 falfiz
1592 2776 1805 2836 quaepiam
1836 2788 1943 2818 com-

366 2843 656 2906 mimscuntur
677 2859 695 2898 ,·
729 2838 977 2909 praefirtim
996 2842 1045 2902 st
1079 2838 1268 2905 confufi,
1291 2856 1341 2886 ac
1367 2835 1641 2903 perturbate,
1653 2838 1830 2905 scripta
1847 2842 1943 2898 sint

1803 2925 1942 2957 exem·
