2064 3115
775 189 1113 242 meroni&
1156 184 1321 242 viva

351 342 434 375 nos
478 325 580 374 Itali
611 329 742 387 hujus
772 330 913 374 vitam
959 331 1202 384 enarravit,
1252 329 1331 374 Vir
1363 325 1431 375 cl.
1469 344 1554 375 vr.
1568 346 1725 380 nura.
1768 345 1882 387 uc·

348 408 617 445 obtusius
650 393 768 441 nihil
797 394 852 441 ab
896 399 1188 459 antiquorum
1217 395 1408 458 vestigiis
1449 394 1647 455 deflexit,
1691 399 1880 447 meliora

350 459 469 509 forte
491 460 773 525 amplexurus
789 492 802 516 ,
833 460 865 508 fi
883 463 1104 524 ejusdem,
1145 463 1265 509 unde
1287 464 1378 510 haec
1399 462 1545 520 haufi,
1578 462 1797 530 scriptoris
1817 465 1895 512 fa*

350 530 420 576 &a
441 528 519 592 ipsi
540 525 685 575 fuiffet
706 532 849 593 copia.
900 529 1189 576 Manifestam
1209 543 1358 576 autem
1377 546 1472 577 rem
1503 546 1686 578 omnem
1709 531 1883 580 faciunt

353 594 512 642 tabulae
533 594 791 659 diplomatis
812 595 1004 661 publici,
1045 613 1137 661 quo
1159 597 1350 659 dignitas
1372 599 1579 644 nonoris
1601 602 1712 659 Juris
1732 599 1883 646 Cano·

353 665 446 707 nici
470 661 635 709 collata
657 663 716 710 est
735 667 785 709 in
807 680 830 709 P
845 680 872 709 0
886 679 936 710 L!
952 680 978 711 ‘r
991 679 1005 711 1
1018 680 1046 710 Δ
1061 681 1092 711 ιι
1105 680 1180 710 uu
1195 697 1208 720 ,
1231 679 1471 728 antequam
1490 661 1550 712 ad
1570 666 1713 730 ipsum
1733 669 1885 714 Cano-

352 732 447 775 nici
468 728 693 792 fastigium
711 729 1006 778 adscenderat.
1115 726 1289 791 Qibus
1312 748 1415 778 cum
1443 732 1706 796 praemiffum
1727 733 1799 789 fit,
1830 747 1884 781 ex

353 812 479 843 more
499 795 791 861 scriptionum
812 799 1047 859 ejusmodi,
1072 797 1326 845 universum
1348 814 1517 845 nomen
1536 816 1766 864 genusque
1796 818 1821 848 ι»
1835 816 1884 847 o-

352 878 613 916 tti-mnu
658 880 916 927 cognomen
941 865 1003 911 ibi
1024 864 1124 910 Itali
1148 865 1283 911 nostri
1304 865 1488 911 habetur
1512 859 1601 913 tale
1625 884 1636 913 z
1676 868 1885 934 Angelus,

343 927 464 992 filius
483 934 649 998 egregii
672 930 864 977 Dobloris
886 934 942 977 D.
965 929 1189 979 Benediffl
1207 922 1261 977 dc
1280 929 1546 998 Ambroginis
1576 931 1631 980 de
1647 935 1792 983 Monte
1811 936 1884 983 Po·

350 996 513 1045 litiano,
537 1020 540 1023 Δ
583 997 766 1045 Publica
784 1002 1022 1045 autoritate
1042 999 1351 1061 consignatum
1372 999 1576 1062 diploma
1598 999 1803 1057 servatur,
1821 1014 1884 1050 te·

354 1063 415 1111 ste
436 1079 462 1110 c
476 1081 504 1110 R
517 1082 540 1110 E
553 1080 568 1110 s
582 1081 607 1111 c
621 1082 636 1111 1
648 1081 719 1111 Mn
732 1082 799 1111 EN
814 1082 829 1113 1
844 1083 871 1112 o
890 1066 966 1122 Lc,
988 1069 1036 1111 in
1057 1066 1279 1114 tabulario
1293 1065 1554 1113 Florentino
1577 1068 1790 1132 generali,
1805 1084 1887 1116 un·

353 1131 410 1179 de
428 1130 594 1179 scilicet
614 1137 654 1179 S.
674 1136 725 1180 R.
744 1132 893 1180 Abbas
919 1150 972 1180 sa
985 1149 1009 1180 ι
1022 1150 1050 1180 v
1063 1149 1077 1180 1
1091 1149 1121 1180 u
1134 1150 1148 1180 1
1161 1151 1187 1182 u
1200 1150 1218 1178 ς
1249 1147 1535 1198 protraxerat.
1634 1136 1885 1185 Conditum

355 1198 416 1247 est
438 1197 615 1249 solenni
636 1197 832 1248 formula
861 1217 885 1247 a
903 1204 1098 1249 Notatio
1135 1199 1318 1266 publico
1347 1199 1763 1266 Archiepiscopatus
1784 1203 1886 1250 Flo·

355 1270 546 1322 remini,
569 1267 640 1314 die
660 1283 718 1328 23.
738 1267 970 1315 Decembr.
991 1270 1102 1314 anni
1122 1275 1233 1331 1485,
1256 1268 1457 1330 dignum,
1477 1273 1601 1329 cujus
1621 1274 1778 1334 prima,
1790 1286 1890 1334 quae

358 1330 493 1382 refert
515 1350 542 1380 c
555 1350 582 1380 a
594 1350 619 1381 ε
631 1350 648 1379 s
662 1350 687 1380 c
700 1352 715 1382 1
727 1351 764 1380 M
777 1350 800 1379 Β
814 1352 880 1381 EN
893 1351 908 1381 1
922 1352 947 1379 u
961 1352 994 1391 s,
1019 1332 1257 1381 lectoribus
1281 1335 1356 1380 hic
1385 1333 1516 1380 verba
1547 1340 1885 1382 communicen·

357 1413 453 1449 tur:
491 1404 593 1450 Cum
613 1404 749 1467 igitur
770 1398 1009 1467 dablzffimus
1031 1401 1201 1468 insignis
1220 1403 1277 1447 D.
1304 1399 1490 1468 Angelus·
1509 1396 1577 1461 fil.
1605 1404 1770 1469 egregii
1799 1403 1885 1450 Do·

360 1467 494 1517 eloris
514 1471 570 1518 D.
593 1466 816 1515 Benediffi
835 1467 888 1515 de
909 1467 1179 1534 Ambrogim‘s
1197 1466 1252 1514 de
1284 1468 1429 1513 Monte
1447 1467 1660 1523 Politiano,
1672 1467 1884 1536 Priorsae·

357 1534 545 1593 calaris,
581 1529 640 1580 &⁹
673 1535 905 1602 Collegiatae
937 1535 1117 1599 Ecclefiae
1145 1533 1295 1581 Sanni
1324 1532 1451 1581 Pauli
1471 1533 1728 1593 Florentini,
1761 1549 1887 1600 quem

347 1598 560 1667 stientia.
587 1599 796 1658 moribus,
829 1596 887 1647 ὅ
905 1599 1319 1671 virtutibusspeciali
1329 1604 1618 1667 praerogativa
1632 1598 1883 1665 fhblimavic

357 1665 577 1734 Aluffimus
597 1667 668 1717 die
685 1667 802 1731 infra
808 1662 974 1737 firipta
995 1683 1054 1729 23.
1079 1665 1324 1717 Decembris
1345 1674 1453 1725 1485.
1465 1666 1551 1714 ind.
1573 1685 1618 1728 4.
1629 1666 1889 1735 fueritprae·

345 1732 545 1802 fimatur
564 1732 911 1801 Reverendzffimo
933 1741 980 1783 in
1008 1734 1165 1800 Christo
1190 1732 1246 1783 D.
1284 1733 1500 1782 Rainaldo
1528 1733 1582 1781 de
1619 1734 1781 1800 Urfim‘s·
1799 1737 1884 1781 Ar-

361 1800 643 1872 chi-Epistopo
653 1803 762 1851 Flor.
773 1807 857 1852 διε.
924 1806 1154 1853 Hactenus
1173 1819 1198 1850 c
1213 1819 1239 1849 R
1253 1818 1278 1849 ε
1290 1818 1307 1849 s
1322 1817 1373 1848 ci
1384 1819 1422 1847 M
1433 1820 1455 1849 B
1471 1819 1494 1848 ε
1507 1819 1564 1849 tn
1578 1819 1606 1848 u
1623 1820 1641 1849 s
1655 1820 1667 1856 ς
1681 1818 1764 1850 nec
1775 1817 1889 1867 opus

359 1871 424 1919 est
441 1874 559 1920 hanc
579 1875 629 1918 in
649 1889 741 1920 rem
761 1871 977 1937 pluribus.
1056 1875 1168 1931 Qis
1191 1869 1395 1918 fraudem
1424 1871 1498 1917 hic
1517 1869 1725 1936 suspicari
1752 1869 1889 1917 ausit!

362 1941 478 1987 Non
496 1939 543 1985 id
565 1943 732 2004 patitur
751 1940 856 1986 fides
880 1943 1172 2001 &integritas
1205 1953 1263 1984 ςΑ
1278 1953 1480 1986 Lvtmx.
1513 1942 1613 1986 Nec
1643 1937 1785 1984 alium
1812 1938 1890 1984 hic

361 2007 575 2063 indicari,
593 2023 732 2070 ‘quarn
755 2022 889 2071 quem
908 2005 1034 2071 supra
1053 2010 1101 2052 in
1121 2005 1381 2052 testamento
1402 2016 1520 2052 mci
1541 2004 1735 2051 vidimus
1758 2003 1812 2050 de
1822 2006 1892 2051 Ci-

359 2077 430 2122 m‘s
451 2067 641 2130 didiurn,
662 2088 783 2138 patet
804 2091 855 2121 ex
877 2073 1036 2137 aequali
1065 2077 1292 2135 utriusque
1311 2075 1611 2136 praenornine,
1632 2073 1774 2135 patria
1794 2102 1807 2125 ‚
1841 2072 1888 2117 Gt

364 2142 608 2204 dignitate,
632 2145 743 2205 quin
766 2144 813 2188 δε
836 2157 887 2187 ex
902 2141 1063 2187 eodem
1083 2143 1277 2205 parentis
1299 2142 1588 2203 praenomine.
1656 2139 1741 2185 Sed
1752 2137 1887 2202 quid!

363 2211 411 2256 Si
431 2225 609 2271 quaeras,
632 2209 751 2254 unde
773 2208 846 2262 fit,
866 2209 988 2272 quod
1009 2211 1059 2254 in
1079 2207 1340 2254 testamento
1360 2223 1384 2252 ι’
1398 2223 1413 2252 1
1426 2223 1451 2253 c
1464 2223 1480 2253 1
1501 2209 1762 2253 Canonicus
1787 2204 1887 2252 1³10-

361 2278 564 2322 rentinus
587 2275 726 2321 didius
753 2275 803 2321 sit
827 2290 925 2322 1²01.
939 2291 1018 2320 xri
1033 2290 1141 2322 anu
1155 2291 1194 2330 s,
1216 2278 1264 2320 in
1283 2275 1353 2320 his
1373 2291 1478 2321 vero
1502 2274 1638 2320 literis
1662 2276 1786 2320 Prior
1804 2268 1888 2318 sal-

362 2356 454 2390 tem
476 2342 632 2407 templi
665 2346 703 2388 S.
728 2342 891 2389 Pauli?
942 2339 1079 2388 facile
1107 2343 1229 2390 hunc
1263 2339 1423 2388 evellet
1453 2339 1708 2405 scrupulum
1735 2337 1886 2386 distin·

361 2412 452 2458 &io
477 2424 740 2475 temporum.
807 2412 869 2455 Ea
892 2412 1036 2465 enim,
1060 2425 1146 2473 qua
1180 2409 1389 2456 Dochi-is
1420 2410 1615 2456 honores
1644 2403 1889 2470 capess‘ivit,

361 2492 485 2525 aetate
506 2478 712 2524 nondum
731 2477 789 2523 ad
810 2479 1149 2524 canonicorum
1170 2476 1530 2523 Florentinorum
1550 2489 1782 2521 numerum
1806 2472 1883 2519 ad-

361 2546 543 2612 scriptus
568 2560 658 2592 erat
678 2559 807 2591 Pom
824 2561 1053 2600 Tuitus,
1084 2543 1155 2591 sed
1188 2543 1355 2591 factum
1387 2544 1433 2590 id
1471 2543 1529 2589 est
1559 2556 1681 2586 anno
1703 2541 1884 2587 demum

360 2629 476 2679 1492,
499 2613 528 2662 fi
549 2630 651 2664 vera
672 2610 804 2663 refert
833 2627 1061 2663 srnozzz
1101 2614 1147 2660 in
1179 2611 1376 2682 catalogo
1406 2605 1559 2675 MSHo
1582 2609 1885 2722 Canotgforum

1750 2683 1885 2725 orent.
