2064 3115
209 184 279 264 56
802 201 1122 247 nisi-onia
1168 208 1338 249 vx’rAE

217 302 1842 323 *m-

342 355 404 400 ad
438 350 662 399 fallendos
689 352 806 395 viros
846 349 1052 396 barbatos
1084 349 1184 397 satis
1214 354 1384 414 ingenii
1419 353 1475 398 est
1503 357 1548 401 ὃς
1589 355 1869 402 calliditatis?

348 425 445 481 Joci
483 422 570 466 haec
598 433 662 463 res
699 415 810 470 fuit,
848 433 943 462 non
973 417 1179 473 malitiae,
1201 420 1257 465 ad
1287 419 1608 483 explorandam
1639 423 1872 468 doetorum

342 493 545 535 virorum
576 490 626 530 in
656 486 724 530 his
754 483 881 531 rebus
912 488 1118 548 peritiam
1149 486 1402 550 composita.
1500 491 1698 543 Etenim,
1728 490 1782 548 'si
1827 490 1872 536 id

347 555 462 601 serio
506 549 672 614 egiffct,
731 567 962 615 nunquam
994 551 1084 615 ipse
1136 552 1371 600 artificium
1410 556 1499 605 hoc
1539 554 1873 612 manifestasset,

348 621 426 667 sed
467 623 517 664 in
551 635 694 666 errore
729 618 809 664 isto
845 621 1055 666 homines
1085 618 1188 666 illos
1220 620 1420 667 credulos
1458 626 1598 685 magis
1647 627 1875 686 magisque

347 680 656 735 confirmasset.
675 687 802 732 Unde
834 685 978 750 quaeso
1007 701 1226 733 noverant
1254 704 1346 734 rem
1368 704 1550 736 omnem
1571 694 1617 745 ii,
1643 694 1720 754 qui
1742 694 1876 755 primi

353 772 453 802 eam
472 758 520 800 in
546 753 700 815 vulgus
723 752 980 817 sparserunt,
1010 753 1040 799 fi
1064 770 1158 799 non
1180 768 1335 802 autore
1366 772 1607 803 potu-nmo
1630 760 1877 804 noverant?

355 826 468 882 Qis
486 819 629 867 adfuit
650 824 837 882 agitanti
868 823 958 868 haec
989 836 1221 868 ΡοιιτιΑ
1237 840 1308 868 no
1330 826 1343 868 ?
1407 827 1471 869 uis
1493 828 1708 889 particeps
1736 824 1877 871 confi-

351 890 519 936 liorum
558 887 677 934 fuit?
702 891 838 946 Qis,
870 901 1020 951 praeter
1041 888 1185 951 ipsum
1216 905 1590 945 PomTlANUM‚
1612 896 1759 954 potuit
1786 894 1877 938 haec

353 960 521 1021 primus
558 955 737 1000 eruditis
757 956 1139 1017 prodere?Mitius
1165 972 1268 1018 ergo
1301 973 1403 1002 cum
1437 973 1747 1004 ΡοιιτιΑΝο
1777 975 1880 1020 age·

355 1041 404 1070 re
434 1021 500 1068 fas
534 1023 623 1068 erat
641 1037 924 1068 BAILLETO
963 1020 1022 1068 ob
1053 1038 1149 1068 rem
1168 1036 1259 1068 tam
1279 1022 1423 1069 levem
1455 1027 1501 1071 δε
1536 1023 1750 1086 facetam,
1780 1042 1876 1090 quae

353 1095 405 1139 in
432 1086 579 1154 pueris
602 1089 772 1136 laudari
815 1093 955 1151 magis
981 1087 1115 1143 solet,
1147 1106 1282 1153 quam
1314 1094 1579 1155 vituperari3
1631 1108 1777 1156 neque
1825 1110 1875 1139 ea

351 1152 406 1205 de
421 1155 546 1204 causa
567 1160 738 1203 virtutis
767 1173 819 1202 ac
841 1160 1015 1220 piet-atis
1036 1171 1259 1220 expertem
1279 1158 1424 1205 dicere
1443 1158 1662 1223 puerilem
1675 1163 1764 1221 ejus
1778 1174 1875 1207 aeta-

350 1235 447 1272 tem*
464 1238 649 1287 poterat.
691 1222 825 1269 Conf.
854 1222 943 1286 ipse
961 1224 992 1268 l.
1012 1241 1045 1268 c.
1061 1232 1180 1290 p.87.

291 1294 379 1362 (y)
426 1296 630 1351 Ineptum
661 1290 719 1336 est
752 1293 800 1337 δε
826 1289 1094 1345 ridiculum,
1139 1290 1326 1345 eodem,
1376 1307 1468 1353 quo
1505 1293 1560 1337 de
1593 1291 1750 1339 illustri
1783 1310 1878 1340 eru-

349 1361 545 1406 ditorum
567 1355 761 1403 infantia
792 1360 962 1419 agitur,
1001 1356 1157 1404 libello
1188 1356 1380 1420 exempli
1411 1358 1514 1404 loco
1548 1360 1735 1416 adduci,
1779 1378 1874 1425 quae

350 1430 450 1491 quis
498 1425 670 1476 adulta,
684 1430 776 1486 jam
817 1427 865 1472 ὃς
907 1423 1095 1470 firmiori
1122 1438 1250 1470 aetate
1279 1428 1640 1472 concinnaverat.
1742 1427 1877 1490 Histo-

348 1499 462 1540 riam
500 1495 798 1557 conjurationis
838 1489 1048 1537 PaHianae
1075 1490 1109 1536 {i
1139 1491 1216 1537 vel
1249 1491 1387 1536 altero
1434 1491 1581 1537 statim
1612 1509 1636 1537 a
1659 1494 1773 1539 caede
1803 1497 1876 1553 Ju-

352 1563 465 1609 liani
487 1576 609 1605 anno
640 1563 688 1605 in
716 1559 865 1604 lucem
895 1556 1139 1619 protulisset
1171 1572 1364 1604 Ροιιτι
1383 1572 1546 1613 auus,
1595 1574 1699 1606 ante
1718 1560 1876 1622 vigefi-

352 1645 479 1675 mum
500 1631 710 1691 quintum
729 1628 863 1672 aetatis
895 1640 1067 1670 annum
1087 1623 1283 1688 proferre
1301 1640 1403 1669 eam
1433 1641 1530 1669 non
1562 1629 1722 1687 potuit.
1793 1628 1875 1673 Ista

346 1699 496 1752 enim,
540 1709 590 1740 ut
618 1693 721 1740 satis
751 1690 943 1748 constat,
993 1706 1117 1737 anno
1175 1693 1722 1738 MCCCCLXXVIII
1757 1693 1878 1739 edita

346 1754 449 1812 sunt
481 1780 506 1809 a
538 1763 696 1809 Pafflis
741 1759 909 1806 funera.
1006 1761 1165 1805 Annos
1195 1762 1330 1821 igitur
1359 1774 1456 1804 non
1488 1757 1689 1805 infantiae
1718 1758 1879 1816 solum,

347 1831 422 1879 sed
446 1834 643 1895 'pueritiae
677 1831 812 1876 etiam
840 1842 971 1890 atque
992 1826 1297 1873 adolescentiae
1326 1824 1607 1888 transgressus
1627 1840 1743 1884 erat,
1774 1843 1880 1875 cum

348 1898 550 1946 laborem
576 1899 698 1944 hunc
735 1894 992 1959 susciperet,
1025 1910 1048 1939 P
1066 1909 1398 1944 omrmuu53
1458 1909 1606 1956 neque
1634 1895 1728 1939 haec
1746 1911 1877 1957 argu-

346 1980 501 2013 mento
516 1963 595 2011 effe
605 1976 812 2029 poterant
823 1964 1099 2026 praecocioris
1117 1964 1161 2008 ὃς
1182 1975 1286 2006 ante
1307 1975 1450 2005 annos
1461 1963 1667 2007 maturati
1686 1964 1876 2022 ingenii.

342 2033 578 2097 Stupidum
599 2035 747 2096 potius
775 2031 895 2076 hunc
927 2032 972 2076 δε
1002 2028 1163 2074 obtusae
1194 2028 1360 2074 indolis
1393 2029 1628 2073 hominem
1659 2028 1875 2082 dicimus,

343 2104 437 2164 qui,
458 2101 593 2147 literis
618 2099 672 2145 ab
699 2101 882 2144 ineunte
902 2109 1025 2142 aetate
1047 2094 1227 2141 solerter
1257 2094 1474 2148 imbutus,
1517 2096 1647 2143 annis
1680 2106 1773 2138 tam
1801 2111 1877 2139 ve-

344 2172 456 2230 getis
480 2170 524 2215 &
551 2166 733 2213 firmatis
756 2181 995 2229 paucarum
1016 2166 1282 2224 paginarum
1303 2162 1554 2217 historiam,
1576 2163 1648 2208 cui
1671 2159 1761 2224 ipse
1780 2159 1875 2222 spe-

345 2237 489 2282 stator
511 2233 678 2289 adfuit,
700 2247 934 2280 contexere
958 2231 1138 2278 nesciat.

897 2327 966 2405 5.
1058 2344 1118 2403 4.
1679 2382 1681 2385 ,

392 2426 709 2516 Egregiam
731 2422 886 2488 hanc
912 2431 970 2487 ὃς
1000 2420 1076 2486 ad
1101 2422 1363 2485 maxima
1387 2440 1637 2513 quaeque
1672 2435 1875 2481 natam

215 2515 484 2582 indolem
510 2514 921 2606 progrediente
961 2534 1124 2578 aetate
1162 2515 1349 2602 magis
1380 2516 1687 2599 magisque
1734 2517 1877 2571 con-“-

211 2606 468 2675 firmavit
511 2613 934 2700 exornavitque
978 2606 1240 2695 pertinax
1271 2602 1544 2671 Politiani
1578 2596 1874 2753 industrigc,
