2064 3115
248 172 322 220 173
733 169 1149 212 HISTORIA
1217 171 1429 213 VITAE

237 252 600 270 ’.ψ
613 252 1177 264 -————-——-——-

349 311 528 363 tumque
558 298 718 361 ingenii
750 292 813 343 sui
835 293 990 354 foetum
1022 297 1175 342 Diario
1207 296 1308 342 huic
1351 290 1621 351 inserendum
1653 300 1914 362 permittant.

320 401 327 410 ,
350 364 437 413 Sed
461 364 504 412 id
526 380 657 411 nemo
681 362 912 429 Belgarum
934 361 1053 410 ausus
1077 361 1136 410 est
1162 361 1213 409 ad
1234 366 1350 410 hunc
1372 359 1489 408 diem
1508 383 1522 420 5
1564 376 1676 411 certe
1695 369 1740 412 in
1758 367 1911 413 Diario

354 433 432 481 illo
459 432 540 479 tale
572 430 680 478 nihil
703 427 920 478 obveniss'e
949 433 1058 478 mihi
1090 433 1295 481 memini.⁴

234 519 316 583 (t)
348 517 523 567 Indulsit
556 515 773 564 interdum
807 521 984 584 ingenio
1032 515 1109 564 suo
1159 536 1182 565 P
1201 535 1228 564 o
1249 535 1273 563 L
1293 532 1308 562 1
1324 535 1354 565 ‘r
1372 535 1387 564 1
1409 535 1439 565 A
1455 534 1487 564 N
1507 533 1536 562 υ
1557 533 1576 563 s
1601 552 1616 572 ,
1652 520 1722 572 &‚
1743 518 1842 583 quid
1867 521 1913 564 in

350 585 507 634 eodem
536 597 797 650 argumento
831 582 967 651 posset
987 597 1077 632 tam
1101 585 1407 650 Graeca,quam
1431 587 1595 640 Latina,
1619 583 1916 650 Poefi,exper-

350 667 417 702 tus
450 653 521 701 est.
594 653 816 700 Habemus
848 654 946 700 bina
984 658 1071 714 ejus
1108 656 1153 698 in
1185 655 1274 701 Vol.
1315 657 1458 718 Egzgr.
1487 657 1618 703 Graec.
1650 659 1698 700 in
1733 655 1915 714 Corydo-

349 741 447 772 nem
470 726 516 769 ὅ(
538 727 587 769 in
607 722 1027 786 Pamphilum,unius
1047 718 1194 768 saltem
1215 720 1415 775 Distichi,
1429 724 1775 787 Engrammata,
1786 720 1915 766 latine

350 793 547 856 primum
572 786 806 852 conscripta
828 807 851 834 a
876 788 1183 848 Nostro‚(ejus
1203 791 1323 834 enim
1342 786 1440 842 effe,
1455 788 1616 853 colligo
1641 806 1692 835 ex
1717 806 1785 842 eo,
1799 784 1916 852 quod
1974 829 1978 832 ,

351 857 467 904 nulla
485 860 660 903 Autoris
680 855 804 901 alieni
827 859 874 901 in
894 855 1022 901 titulo
1055 853 1172 900 faeto
1196 853 1243 900 fit
1267 858 1433 901 mentio
1449 888 1463 907 ‚
1497 854 1600 901 ficut
1643 853 1916 902 observamus

353 928 399 972 in
431 923 537 976 aliis,
550 921 721 969 aliunde
744 920 985 984 arceffitis,)
998 920 1145 987 postea
1167 919 1316 968 eadem
1338 924 1487 987 gratia,
1501 920 1657 968 eodem
1680 923 1918 981 yerborum

354 989 545 1046 ordine,
576 1006 714 1055 graece
757 987 943 1036 reddita.
1048 987 1245 1035 Eandem
1281 1006 1463 1054 operam
1510 987 1723 1054 impendit
1771 989 1918 1037 alienae

356 1057 496 1105 Musae
526 1071 615 1105 tam
645 1057 841 1113 vetustis,
883 1073 1011 1123 quam
1038 1057 1360 1112 recentioribus,
1380 1061 1721 1123 Engrammatis
1744 1059 1913 1104 Latinis.

354 1127 468 1174 Tale
491 1125 550 1172 est
574 1129 799 1186 Anonymi
822 1123 1056 1187 enjusdam,
1086 1131 1134 1173 in
1165 1124 1338 1172 domum
1368 1127 1621 1192 quandam,
1659 1123 1776 1190 quod
1799 1127 1917 1171 Grae-

353 1212 453 1242 cum
498 1192 597 1240 fecit
658 1210 803 1239 Pom
828 1211 895 1240 ΤΙ
919 1210 1048 1239 ANU
1071 1212 1089 1240 s
1137 1205 1293 1258 rogatu
1344 1211 1368 1240 c
1392 1211 1761 1242 1AMPOL1N1
1784 1229 1799 1248 ‚
1845 1194 1918 1257 qui

353 1260 434 1309 suis
462 1259 504 1307 id
526 1259 673 1326 postea
693 1258 852 1307 aedibus
883 1263 927 1306 in
958 1262 1177 1306 honorem
1231 1278 1251 1306 Ρ
1269 1277 1296 1308 o
1315 1278 1338 1306 1.
1356 1277 1370 1305 1
1387 1279 1417 1308 ‘r
1437 1280 1452 1307 1
1472 1278 1505 1307 A
1520 1279 1553 1307 N
1568 1280 1583 1307 1
1635 1257 1814 1324 insculpi
1846 1278 1917 1305 cu-

355 1332 472 1376 ravit.
544 1326 721 1376 Referas
761 1330 845 1374 hue
871 1331 1027 1383 etiam,
1058 1325 1087 1374 fi
1105 1327 1242 1392 placet
1256 1364 1270 1384 ,
1305 1326 1409 1373 illud
1459 1346 1481 1374 1>
1503 1343 1530 1373 o
1548 1347 1572 1375 ι,
1589 1346 1603 1374 1
1623 1347 1652 1376 T
1672 1347 1686 1374 1
1708 1346 1740 1376 A
1761 1348 1794 1375 N
1811 1346 1826 1375 1
1871 1335 1918 1373 in

356 1401 544 1445 Puerum
586 1397 797 1444 Thracem
823 1432 838 1451 ‚
871 1395 944 1442 ubi
973 1403 1064 1441 n'on
1094 1408 1181 1441 tam
1219 1392 1386 1441 vertisse
1405 1430 1418 1449 ,
1455 1412 1585 1459 quam
1614 1398 1802 1441 imitatus
1842 1393 1916 1440 sal-

357 1479 446 1512 tem
461 1504 473 1522 ‚
497 1462 663 1510 videtur
702 1481 731 1510 G
750 1483 774 1511 E
794 1482 821 1510 R
838 1483 873 1510 M
891 1482 922 1510 A
942 1481 974 1509 N
991 1480 1006 1508 1
1025 1480 1049 1508 c
1067 1479 1082 1507 1
1117 1461 1169 1508 de
1213 1459 1368 1508 eodem
1417 1474 1673 1527 argumento
1699 1465 1916 1515 Latinum,

357 1532 474 1598 quod
501 1531 565 1579 illi
596 1527 862 1595 praemissum
886 1530 1056 1596 legitur.
1128 1530 1231 1576 Nou
1263 1532 1382 1575 enim
1420 1528 1632 1592 copiosius
1657 1541 1822 1576 tantum
1860 1528 1919 1574 est

357 1602 566 1652 numeris,
602 1596 671 1645 sed
696 1602 741 1644 in
772 1598 1015 1644 fifiionibus
1042 1600 1170 1644 etiam
1206 1595 1335 1643 aliam
1355 1594 1517 1661 saepiuS‚
1530 1612 1662 1661 quam
1693 1600 1738 1643 in
1767 1598 1919 1642 Latino

307 1672 312 1673 ⁷
358 1665 686 1721 animadvertas,
711 1664 908 1714 indolem
935 1663 1136 1731 sequitur.

985 1753 1050 1841 ᾗ.
1088 1775 1187 1822 11.

464 1863 563 1931 Ex
606 1861 861 1931 Graecia
911 1862 983 1928 in
1029 1860 1300 1928 Latium
1349 1859 1716 1949 progressus
1776 1862 1923 1933 PO-

247 1953 799 2034 LITIANUS,
844 1949 1307 2039 amplissimum
1342 1950 1478 2034 hie,
1528 1954 1597 2018 in
1635 1975 1771 2041 quo
1808 1955 1924 2022 do-

248 2047 452 2116 &rina
500 2044 635 2130 ejus
682 2042 890 2110 libere
935 2063 1287 2109 excurrere
1339 2040 1544 2128 posset
1569 2094 1588 2126 ‚
1620 2060 1925 2133 apertum

249 2140 357 2206 fibi
384 2155 692 2223 campum
726 2133 913 2203 vidit.
1021 2131 1617 2225 Qandoquidem3
1651 2155 1925 2203 conver-

249 2228 350 2297 sus
405 2228 695 2314 primum
752 2225 837 2291 ad
895 2226 1337 2310 ingenuarum
1383 2225 1629 2293 artium
1685 2225 1926 2310 studia,
1981 2286 1999 2291 ,,

251 2319 511 2388 suarum
566 2314 632 2382 id
700 2316 985 2382 maxime
1037 2313 1166 2391 effe
1228 2315 1515 2402 partium
1568 2315 1883 2403 judicavit
1909 2369 1926 2399 ‚

251 2428 328 2478 ut
372 2407 649 2497 impigre
694 2406 1177 2494 liberaliterque
1218 2425 1455 2475 eorum
1492 2405 1746 2491 juvaret
1772 2428 1926 2475 con-

257 2504 401 2578 (ilia,
418 2501 531 2588 qui
557 2498 851 2585 torpenti
885 2495 1133 2578 misere,
1148 2496 1410 2585 jamque
1443 2499 1670 2565 tetrica
1699 2497 1930 2565 barba-

256 2597 350 2660 rie
393 2587 717 2659 infuscatae
744 2589 1024 2676 penitus,
1040 2588 1231 2655 Italiae
1262 2588 1591 2675 perditum
1614 2589 1925 2658 Romanae

259 2681 648 2771 eloquentia:
690 2680 888 2748 decus
929 2679 1299 2755 restituere,
1329 2681 1394 2747 in
1422 2679 1715 2748 animum
1742 2681 1929 2747 indu-

1663 2786 1894 2842 XCs‘dsst
1910 2791 1943 2848 5,-
