<?xml version="1.0" encoding="UTF-8"?>
<!DOCTYPE html PUBLIC "-//W3C//DTD XHTML 1.0 Transitional//EN"
    "http://www.w3.org/TR/xhtml1/DTD/xhtml1-transitional.dtd">
<html xmlns="http://www.w3.org/1999/xhtml" xml:lang="en" lang="en">
 <head>
  <title>
</title>
<meta http-equiv="Content-Type" content="text/html;charset=utf-8" />
  <meta name='ocr-system' content='tesseract 3.04.00' />
  <meta name='ocr-capabilities' content='ocr_page ocr_carea ocr_par ocr_line ocrx_word'/>
</head>
<body>
  <div class='ocr_page' id='page_1' title='image "./historiavitaeeti00menc_0609.png"; bbox 0 0 1960 3135; ppageno 0'>
   <div class='ocr_carea' id='block_1_1' title="bbox 234 209 1742 263">
    <p class='ocr_par' dir='ltr' id='par_1_1' title="bbox 234 209 1742 263">
     <span class='ocr_line' id='line_1_1' title="bbox 234 209 1742 263; baseline 0.007 -10"><span class='ocrx_word' id='word_1_1' title='bbox 234 213 568 256; x_wconf 24' lang='lat' dir='ltr'>*ANGELI</span> <span class='ocrx_word' id='word_1_2' title='bbox 642 212 1074 256; x_wconf 83' lang='lat' dir='ltr'>AMBROGINI</span> <span class='ocrx_word' id='word_1_3' title='bbox 1148 209 1530 254; x_wconf 74' lang='lat' dir='ltr'>PoLITIANr.</span> <span class='ocrx_word' id='word_1_4' title='bbox 1660 215 1742 263; x_wconf 77' lang='lat'>549</span> 
     </span>
    </p>
   </div>
   <div class='ocr_carea' id='block_1_2' title="bbox 1168 294 1304 304">
    <p class='ocr_par' dir='ltr' id='par_1_2' title="bbox 1168 294 1304 304">
     <span class='ocr_line' id='line_1_2' title="bbox 1168 294 1304 304; baseline 0 2831"><span class='ocrx_word' id='word_1_5' title='bbox 1168 294 1304 304; x_wconf 95' lang='lat' dir='ltr'> </span> 
     </span>
    </p>
   </div>
   <div class='ocr_carea' id='block_1_3' title="bbox 1315 296 1465 305">
    <p class='ocr_par' dir='ltr' id='par_1_3' title="bbox 1315 296 1465 305">
     <span class='ocr_line' id='line_1_3' title="bbox 1315 296 1465 305; baseline 0 0"><span class='ocrx_word' id='word_1_6' title='bbox 1315 296 1465 305; x_wconf 95' lang='lat' dir='ltr'> </span> 
     </span>
    </p>
   </div>
   <div class='ocr_carea' id='block_1_4' title="bbox 1470 294 1737 307">
    <p class='ocr_par' dir='ltr' id='par_1_4' title="bbox 1470 294 1737 307">
     <span class='ocr_line' id='line_1_4' title="bbox 1470 294 1737 307; baseline 0.011 -4"><span class='ocrx_word' id='word_1_7' title='bbox 1470 294 1737 307; x_wconf 77' lang='grc' dir='ltr'>--ι-ι--.-.</span> 
     </span>
    </p>
   </div>
   <div class='ocr_carea' id='block_1_5' title="bbox 97 333 1736 2843">
    <p class='ocr_par' dir='ltr' id='par_1_5' title="bbox 97 333 1736 2843">
     <span class='ocr_line' id='line_1_5' title="bbox 171 333 1736 401; baseline 0.001 -19"><span class='ocrx_word' id='word_1_8' title='bbox 171 333 285 401; x_wconf 82' lang='lat' dir='ltr'>apud</span> <span class='ocrx_word' id='word_1_9' title='bbox 304 333 589 382; x_wconf 87' lang='lat' dir='ltr'>Bononienses</span> <span class='ocrx_word' id='word_1_10' title='bbox 600 338 846 398; x_wconf 86' lang='lat' dir='ltr'>formanda</span> <span class='ocrx_word' id='word_1_11' title='bbox 870 348 970 381; x_wconf 90' lang='lat' dir='ltr'>tunc</span> <span class='ocrx_word' id='word_1_12' title='bbox 1003 345 1120 380; x_wconf 87' lang='lat' dir='ltr'>erant</span> <span class='ocrx_word' id='word_1_13' title='bbox 1152 333 1250 380; x_wconf 89' lang='lat' dir='ltr'>libri</span> <span class='ocrx_word' id='word_1_14' title='bbox 1282 337 1516 383; x_wconf 83' lang='lat' dir='ltr'>volumina.</span> <span class='ocrx_word' id='word_1_15' title='bbox 1592 336 1736 383; x_wconf 84' lang='lat' dir='ltr'>Habes</span> 
     </span>
     <span class='ocr_line' id='line_1_6' title="bbox 97 401 1735 465; baseline 0.001 -16"><span class='ocrx_word' id='word_1_16' title='bbox 97 410 113 416; x_wconf 73' lang='grc'><em>”</em></span> <span class='ocrx_word' id='word_1_17' title='bbox 171 407 288 450; x_wconf 86' lang='lat' dir='ltr'>enim</span> <span class='ocrx_word' id='word_1_18' title='bbox 313 406 357 449; x_wconf 91' lang='lat' dir='ltr'>in</span> <span class='ocrx_word' id='word_1_19' title='bbox 377 401 521 449; x_wconf 88' lang='lat' dir='ltr'>fronte</span> <span class='ocrx_word' id='word_1_20' title='bbox 550 405 672 463; x_wconf 82' lang='lat' dir='ltr'>hujus</span> <span class='ocrx_word' id='word_1_21' title='bbox 714 405 1072 465; x_wconf 79' lang='lat' dir='ltr'>interpretationis</span> <span class='ocrx_word' id='word_1_22' title='bbox 1114 420 1135 447; x_wconf 77' lang='grc' dir='ltr'>Ρ</span> <span class='ocrx_word' id='word_1_23' title='bbox 1156 420 1183 449; x_wconf 95' lang='lat' dir='ltr'>o</span> <span class='ocrx_word' id='word_1_24' title='bbox 1206 421 1228 449; x_wconf 99' lang='lat' dir='ltr'>L</span> <span class='ocrx_word' id='word_1_25' title='bbox 1252 421 1266 448; x_wconf 93' lang='lat'>1</span> <span class='ocrx_word' id='word_1_26' title='bbox 1288 421 1318 450; x_wconf 83' lang='lat' dir='ltr'>T</span> <span class='ocrx_word' id='word_1_27' title='bbox 1338 422 1354 449; x_wconf 86' lang='lat'>1</span> <span class='ocrx_word' id='word_1_28' title='bbox 1375 421 1404 450; x_wconf 79' lang='lat' dir='ltr'>A</span> <span class='ocrx_word' id='word_1_29' title='bbox 1424 420 1455 449; x_wconf 90' lang='lat' dir='ltr'>N</span> <span class='ocrx_word' id='word_1_30' title='bbox 1477 421 1491 448; x_wconf 93' lang='lat'>1</span> <span class='ocrx_word' id='word_1_31' title='bbox 1535 401 1586 448; x_wconf 86' lang='lat' dir='ltr'>ad</span> <span class='ocrx_word' id='word_1_32' title='bbox 1620 406 1735 450; x_wconf 86' lang='lat' dir='ltr'>hunc</span> 
     </span>
     <span class='ocr_line' id='line_1_7' title="bbox 177 466 1735 536; baseline 0 -17"><span class='ocrx_word' id='word_1_33' title='bbox 177 489 219 518; x_wconf 80' lang='lat' dir='ltr'>M</span> <span class='ocrx_word' id='word_1_34' title='bbox 240 490 271 518; x_wconf 88' lang='lat' dir='ltr'>A</span> <span class='ocrx_word' id='word_1_35' title='bbox 292 490 319 519; x_wconf 79' lang='lat' dir='ltr'>G</span> <span class='ocrx_word' id='word_1_36' title='bbox 341 489 372 517; x_wconf 92' lang='lat' dir='ltr'>N</span> <span class='ocrx_word' id='word_1_37' title='bbox 392 489 423 518; x_wconf 84' lang='lat' dir='ltr'>A</span> <span class='ocrx_word' id='word_1_38' title='bbox 442 489 470 517; x_wconf 98' lang='lat' dir='ltr'>N</span> <span class='ocrx_word' id='word_1_39' title='bbox 493 488 508 516; x_wconf 92' lang='lat'>1</span> <span class='ocrx_word' id='word_1_40' title='bbox 530 488 566 517; x_wconf 87' lang='lat' dir='ltr'>M</span> <span class='ocrx_word' id='word_1_41' title='bbox 586 486 616 515; x_wconf 81' lang='grc' dir='ltr'>υ</span> <span class='ocrx_word' id='word_1_42' title='bbox 635 489 671 516; x_wconf 86' lang='grc' dir='ltr'><strong>Μ</strong></span> <span class='ocrx_word' id='word_1_43' title='bbox 716 471 936 536; x_wconf 79' lang='lat' dir='ltr'>Epistolam</span> <span class='ocrx_word' id='word_1_44' title='bbox 959 506 973 522; x_wconf 94' lang='lat'><strong>‚</strong></span> <span class='ocrx_word' id='word_1_45' title='bbox 1011 466 1207 533; x_wconf 74' lang='lat' dir='ltr'>scriptam</span> <span class='ocrx_word' id='word_1_46' title='bbox 1237 471 1383 532; x_wconf 80' lang='lat' dir='ltr'><em>pridie</em></span> <span class='ocrx_word' id='word_1_47' title='bbox 1411 489 1546 518; x_wconf 80' lang='lat' dir='ltr'>nonas</span> <span class='ocrx_word' id='word_1_48' title='bbox 1579 477 1735 533; x_wconf 78' lang='lat' dir='ltr'>Majas</span> 
     </span>
     <span class='ocr_line' id='line_1_8' title="bbox 170 537 1732 602; baseline 0.001 -16"><span class='ocrx_word' id='word_1_49' title='bbox 170 546 283 587; x_wconf 81' lang='lat' dir='ltr'>anni</span> <span class='ocrx_word' id='word_1_50' title='bbox 312 543 430 599; x_wconf 63' lang='lat'>2493,</span> <span class='ocrx_word' id='word_1_51' title='bbox 475 554 557 602; x_wconf 87' lang='lat' dir='ltr'>qua</span> <span class='ocrx_word' id='word_1_52' title='bbox 595 540 634 583; x_wconf 90' lang='lat' dir='ltr'>ei</span> <span class='ocrx_word' id='word_1_53' title='bbox 667 537 901 584; x_wconf 81' lang='lat' dir='ltr'>editionem</span> <span class='ocrx_word' id='word_1_54' title='bbox 945 537 1041 583; x_wconf 80' lang='lat' dir='ltr'>libri</span> <span class='ocrx_word' id='word_1_55' title='bbox 1077 537 1312 586; x_wconf 71' lang='lat' dir='ltr'>enixissime</span> <span class='ocrx_word' id='word_1_56' title='bbox 1347 538 1651 594; x_wconf 81' lang='lat' dir='ltr'>commendat,</span> <span class='ocrx_word' id='word_1_57' title='bbox 1683 539 1732 588; x_wconf 83' lang='lat' dir='ltr'>fi-</span> 
     </span>
     <span class='ocr_line' id='line_1_9' title="bbox 169 605 1733 670; baseline 0 -16"><span class='ocrx_word' id='word_1_58' title='bbox 169 608 264 654; x_wconf 88' lang='lat' dir='ltr'>mul</span> <span class='ocrx_word' id='word_1_59' title='bbox 297 623 398 651; x_wconf 88' lang='lat' dir='ltr'>vero</span> <span class='ocrx_word' id='word_1_60' title='bbox 424 623 604 652; x_wconf 87' lang='lat' dir='ltr'>omnem</span> <span class='ocrx_word' id='word_1_61' title='bbox 629 607 752 666; x_wconf 88' lang='lat' dir='ltr'>hujus</span> <span class='ocrx_word' id='word_1_62' title='bbox 787 610 956 669; x_wconf 86' lang='lat' dir='ltr'>operis,</span> <span class='ocrx_word' id='word_1_63' title='bbox 991 618 1190 670; x_wconf 80' lang='lat' dir='ltr'>tanquam</span> <span class='ocrx_word' id='word_1_64' title='bbox 1230 624 1319 652; x_wconf 90' lang='lat' dir='ltr'>non</span> <span class='ocrx_word' id='word_1_65' title='bbox 1353 605 1445 655; x_wconf 87' lang='lat' dir='ltr'>satis</span> <span class='ocrx_word' id='word_1_66' title='bbox 1474 606 1733 664; x_wconf 82' lang='lat' dir='ltr'>elucubrati,</span> 
     </span>
     <span class='ocr_line' id='line_1_10' title="bbox 167 672 1731 736; baseline 0.002 -16"><span class='ocrx_word' id='word_1_67' title='bbox 167 672 458 720; x_wconf 82' lang='lat' dir='ltr'>defenfionem</span> <span class='ocrx_word' id='word_1_68' title='bbox 491 673 714 718; x_wconf 84' lang='lat' dir='ltr'>interdicit.</span> <span class='ocrx_word' id='word_1_69' title='bbox 786 673 951 718; x_wconf 86' lang='lat' dir='ltr'>Ibidem</span> <span class='ocrx_word' id='word_1_70' title='bbox 982 686 1106 736; x_wconf 81' lang='lat' dir='ltr'>rogat</span> <span class='ocrx_word' id='word_1_71' title='bbox 1141 693 1177 721; x_wconf 87' lang='lat' dir='ltr'>M</span> <span class='ocrx_word' id='word_1_72' title='bbox 1196 692 1228 721; x_wconf 91' lang='lat' dir='ltr'><strong>A</strong></span> <span class='ocrx_word' id='word_1_73' title='bbox 1247 693 1274 722; x_wconf 86' lang='lat' dir='ltr'>G</span> <span class='ocrx_word' id='word_1_74' title='bbox 1294 694 1326 721; x_wconf 89' lang='lat' dir='ltr'>N</span> <span class='ocrx_word' id='word_1_75' title='bbox 1345 693 1374 723; x_wconf 86' lang='grc' dir='ltr'>Λ</span> <span class='ocrx_word' id='word_1_76' title='bbox 1391 694 1421 722; x_wconf 86' lang='grc' dir='ltr'>Ν</span> <span class='ocrx_word' id='word_1_77' title='bbox 1440 694 1454 722; x_wconf 91' lang='lat'>1</span> <span class='ocrx_word' id='word_1_78' title='bbox 1472 694 1508 722; x_wconf 85' lang='lat' dir='ltr'>M</span> <span class='ocrx_word' id='word_1_79' title='bbox 1527 693 1555 722; x_wconf 83' lang='lat' dir='ltr'>U</span> <span class='ocrx_word' id='word_1_80' title='bbox 1574 694 1611 723; x_wconf 86' lang='lat' dir='ltr'>M</span> <span class='ocrx_word' id='word_1_81' title='bbox 1636 713 1647 733; x_wconf 88' lang='lat'><em>‚</em></span> <span class='ocrx_word' id='word_1_82' title='bbox 1685 690 1731 722; x_wconf 86' lang='lat' dir='ltr'>ut</span> 
     </span>
     <span class='ocr_line' id='line_1_11' title="bbox 169 736 1730 803; baseline 0.002 -16"><span class='ocrx_word' id='word_1_83' title='bbox 169 759 270 787; x_wconf 89' lang='lat' dir='ltr'>cum</span> <span class='ocrx_word' id='word_1_84' title='bbox 307 743 655 803; x_wconf 81' lang='lat' dir='ltr'>interpretatione</span> <span class='ocrx_word' id='word_1_85' title='bbox 685 736 771 803; x_wconf 87' lang='lat' dir='ltr'>ipsa</span> <span class='ocrx_word' id='word_1_86' title='bbox 795 738 952 785; x_wconf 85' lang='lat' dir='ltr'>formis</span> <span class='ocrx_word' id='word_1_87' title='bbox 976 739 1148 785; x_wconf 85' lang='lat' dir='ltr'>exscribi</span> <span class='ocrx_word' id='word_1_88' title='bbox 1173 745 1356 803; x_wconf 81' lang='lat' dir='ltr'>patiatur</span> <span class='ocrx_word' id='word_1_89' title='bbox 1391 750 1730 792; x_wconf 81' lang='lat' dir='ltr'>Annotatiuncu·</span> 
     </span>
     <span class='ocr_line' id='line_1_12' title="bbox 168 806 1729 872; baseline 0.003 -20"><span class='ocrx_word' id='word_1_90' title='bbox 168 811 235 855; x_wconf 80' lang='lat' dir='ltr'>Ias</span> <span class='ocrx_word' id='word_1_91' title='bbox 261 806 477 871; x_wconf 84' lang='lat' dir='ltr'>illas,quas</span> <span class='ocrx_word' id='word_1_92' title='bbox 512 806 686 852; x_wconf 83' lang='lat' dir='ltr'>Codicis</span> <span class='ocrx_word' id='word_1_93' title='bbox 720 807 973 871; x_wconf 83' lang='lat' dir='ltr'>avtographi</span> <span class='ocrx_word' id='word_1_94' title='bbox 1001 807 1263 870; x_wconf 83' lang='lat' dir='ltr'>marginibus</span> <span class='ocrx_word' id='word_1_95' title='bbox 1298 807 1576 872; x_wconf 80' lang='lat' dir='ltr'>adscripscrat.</span> <span class='ocrx_word' id='word_1_96' title='bbox 1647 811 1729 860; x_wconf 89' lang='lat' dir='ltr'>Sed</span> 
     </span>
     <span class='ocr_line' id='line_1_13' title="bbox 165 872 1727 931; baseline 0.004 -11"><span class='ocrx_word' id='word_1_97' title='bbox 165 874 288 921; x_wconf 84' lang='lat' dir='ltr'>aliter</span> <span class='ocrx_word' id='word_1_98' title='bbox 311 872 443 920; x_wconf 81' lang='lat' dir='ltr'>visum</span> <span class='ocrx_word' id='word_1_99' title='bbox 467 874 525 920; x_wconf 83' lang='lat' dir='ltr'>esl</span> <span class='ocrx_word' id='word_1_100' title='bbox 550 873 805 921; x_wconf 72' lang='lat' dir='ltr'>Bononiensi</span> <span class='ocrx_word' id='word_1_101' title='bbox 832 872 1001 921; x_wconf 89' lang='lat' dir='ltr'>Editori</span> <span class='ocrx_word' id='word_1_102' title='bbox 1020 893 1033 931; x_wconf 83' lang='lat'>3</span> <span class='ocrx_word' id='word_1_103' title='bbox 1086 886 1202 921; x_wconf 86' lang='lat' dir='ltr'>certe</span> <span class='ocrx_word' id='word_1_104' title='bbox 1238 874 1344 921; x_wconf 90' lang='lat' dir='ltr'>nihil</span> <span class='ocrx_word' id='word_1_105' title='bbox 1379 876 1557 923; x_wconf 84' lang='lat' dir='ltr'>istarum</span> <span class='ocrx_word' id='word_1_106' title='bbox 1589 883 1727 927; x_wconf 88' lang='lat' dir='ltr'>Anno-</span> 
     </span>
     <span class='ocr_line' id='line_1_14' title="bbox 162 939 1723 1007; baseline 0.003 -19"><span class='ocrx_word' id='word_1_107' title='bbox 162 949 382 990; x_wconf 78' lang='lat' dir='ltr'>tationum</span> <span class='ocrx_word' id='word_1_108' title='bbox 405 979 417 997; x_wconf 85' lang='lat'>,</span> <span class='ocrx_word' id='word_1_109' title='bbox 455 955 667 1007; x_wconf 84' lang='lat' dir='ltr'>quotquot</span> <span class='ocrx_word' id='word_1_110' title='bbox 714 943 835 989; x_wconf 89' lang='lat' dir='ltr'>nobis</span> <span class='ocrx_word' id='word_1_111' title='bbox 868 939 961 988; x_wconf 88' lang='lat' dir='ltr'>sunt</span> <span class='ocrx_word' id='word_1_112' title='bbox 1001 940 1052 988; x_wconf 83' lang='lat' dir='ltr'>ad</span> <span class='ocrx_word' id='word_1_113' title='bbox 1094 958 1244 987; x_wconf 85' lang='lat' dir='ltr'>manus</span> <span class='ocrx_word' id='word_1_114' title='bbox 1270 978 1284 996; x_wconf 93' lang='lat'>,</span> <span class='ocrx_word' id='word_1_115' title='bbox 1323 941 1529 990; x_wconf 86' lang='lat' dir='ltr'>editiones</span> <span class='ocrx_word' id='word_1_116' title='bbox 1588 948 1723 992; x_wconf 80' lang='lat' dir='ltr'>Hero-</span> 
     </span>
     <span class='ocr_line' id='line_1_15' title="bbox 163 1009 1726 1074; baseline 0.003 -18"><span class='ocrx_word' id='word_1_117' title='bbox 163 1010 297 1056; x_wconf 81' lang='lat' dir='ltr'>diani</span> <span class='ocrx_word' id='word_1_118' title='bbox 324 1011 512 1059; x_wconf 61' lang='lat' dir='ltr'>habent.</span> <span class='ocrx_word' id='word_1_119' title='bbox 599 1010 777 1056; x_wconf 87' lang='lat' dir='ltr'>Librum</span> <span class='ocrx_word' id='word_1_120' title='bbox 819 1012 959 1065; x_wconf 87' lang='lat' dir='ltr'>hunc,</span> <span class='ocrx_word' id='word_1_121' title='bbox 991 1009 1020 1055; x_wconf 83' lang='lat' dir='ltr'>fi</span> <span class='ocrx_word' id='word_1_122' title='bbox 1058 1027 1187 1074; x_wconf 88' lang='lat' dir='ltr'>quem</span> <span class='ocrx_word' id='word_1_123' title='bbox 1227 1028 1250 1056; x_wconf 75' lang='lat' dir='ltr'>r</span> <span class='ocrx_word' id='word_1_124' title='bbox 1271 1027 1299 1057; x_wconf 93' lang='lat' dir='ltr'>o</span> <span class='ocrx_word' id='word_1_125' title='bbox 1323 1028 1347 1056; x_wconf 92' lang='lat' dir='ltr'>L</span> <span class='ocrx_word' id='word_1_126' title='bbox 1369 1030 1383 1057; x_wconf 83' lang='lat'><em>1</em></span> <span class='ocrx_word' id='word_1_127' title='bbox 1402 1031 1432 1060; x_wconf 82' lang='lat' dir='ltr'>T</span> <span class='ocrx_word' id='word_1_128' title='bbox 1452 1031 1466 1059; x_wconf 95' lang='lat'>1</span> <span class='ocrx_word' id='word_1_129' title='bbox 1486 1029 1518 1059; x_wconf 72' lang='grc' dir='ltr'><strong>Α</strong></span> <span class='ocrx_word' id='word_1_130' title='bbox 1537 1031 1567 1059; x_wconf 83' lang='lat' dir='ltr'>N</span> <span class='ocrx_word' id='word_1_131' title='bbox 1588 1032 1602 1059; x_wconf 93' lang='lat'>1</span> <span class='ocrx_word' id='word_1_132' title='bbox 1655 1014 1726 1060; x_wconf 84' lang='lat' dir='ltr'>ali·</span> 
     </span>
     <span class='ocr_line' id='line_1_16' title="bbox 162 1075 1726 1145; baseline 0.003 -22"><span class='ocrx_word' id='word_1_133' title='bbox 162 1094 239 1124; x_wconf 89' lang='lat' dir='ltr'>um</span> <span class='ocrx_word' id='word_1_134' title='bbox 263 1114 276 1134; x_wconf 84' lang='lat'>,</span> <span class='ocrx_word' id='word_1_135' title='bbox 314 1079 437 1142; x_wconf 88' lang='lat' dir='ltr'>prelo</span> <span class='ocrx_word' id='word_1_136' title='bbox 474 1081 703 1141; x_wconf 72' lang='lat' dir='ltr'>repetitum</span> <span class='ocrx_word' id='word_1_137' title='bbox 735 1078 896 1124; x_wconf 79' lang='lat' dir='ltr'>constat</span> <span class='ocrx_word' id='word_1_138' title='bbox 934 1075 1178 1141; x_wconf 74' lang='lat' dir='ltr'>saepiffime,</span> <span class='ocrx_word' id='word_1_139' title='bbox 1205 1077 1430 1126; x_wconf 76' lang='lat' dir='ltr'>manifesto</span> <span class='ocrx_word' id='word_1_140' title='bbox 1452 1096 1726 1145; x_wconf 82' lang='lat' dir='ltr'>argumento,</span> 
     </span>
     <span class='ocr_line' id='line_1_17' title="bbox 165 1143 1726 1216; baseline 0.003 -23"><span class='ocrx_word' id='word_1_141' title='bbox 165 1150 393 1193; x_wconf 86' lang='lat' dir='ltr'>communi</span> <span class='ocrx_word' id='word_1_142' title='bbox 423 1144 654 1193; x_wconf 44' lang='lat' dir='ltr'>donorum</span> <span class='ocrx_word' id='word_1_143' title='bbox 692 1149 890 1192; x_wconf 87' lang='lat' dir='ltr'>virorum</span> <span class='ocrx_word' id='word_1_144' title='bbox 929 1143 1129 1210; x_wconf 76' lang='lat' dir='ltr'>applausu</span> <span class='ocrx_word' id='word_1_145' title='bbox 1166 1159 1390 1210; x_wconf 81' lang='lat' dir='ltr'>exceptum</span> <span class='ocrx_word' id='word_1_146' title='bbox 1415 1183 1428 1201; x_wconf 92' lang='lat'><strong>‚</strong></span> <span class='ocrx_word' id='word_1_147' title='bbox 1459 1146 1726 1216; x_wconf 81' lang='lat' dir='ltr'>dignumque</span> 
     </span>
     <span class='ocr_line' id='line_1_18' title="bbox 165 1212 1724 1281; baseline 0.003 -23"><span class='ocrx_word' id='word_1_148' title='bbox 165 1212 416 1274; x_wconf 81' lang='lat' dir='ltr'>judicatum,</span> <span class='ocrx_word' id='word_1_149' title='bbox 442 1231 571 1277; x_wconf 83' lang='lat' dir='ltr'>quem</span> <span class='ocrx_word' id='word_1_150' title='bbox 594 1214 734 1278; x_wconf 84' lang='lat' dir='ltr'>legant</span> <span class='ocrx_word' id='word_1_151' title='bbox 759 1213 928 1268; x_wconf 75' lang='lat' dir='ltr'>assidue,</span> <span class='ocrx_word' id='word_1_152' title='bbox 951 1231 1031 1259; x_wconf 86' lang='lat' dir='ltr'>nec</span> <span class='ocrx_word' id='word_1_153' title='bbox 1054 1231 1243 1277; x_wconf 84' lang='lat' dir='ltr'>unquam</span> <span class='ocrx_word' id='word_1_154' title='bbox 1271 1215 1467 1261; x_wconf 76' lang='lat' dir='ltr'>manibus</span> <span class='ocrx_word' id='word_1_155' title='bbox 1491 1217 1724 1281; x_wconf 70' lang='lat' dir='ltr'>deponant,</span> 
     </span>
     <span class='ocr_line' id='line_1_19' title="bbox 165 1282 1724 1346; baseline 0.004 -21"><span class='ocrx_word' id='word_1_156' title='bbox 165 1290 440 1345; x_wconf 79' lang='lat' dir='ltr'>quoscunque</span> <span class='ocrx_word' id='word_1_157' title='bbox 464 1284 709 1328; x_wconf 75' lang='lat' dir='ltr'>Graecarum</span> <span class='ocrx_word' id='word_1_158' title='bbox 740 1299 872 1346; x_wconf 80' lang='lat' dir='ltr'>aeque,</span> <span class='ocrx_word' id='word_1_159' title='bbox 895 1300 942 1327; x_wconf 87' lang='lat' dir='ltr'>ac</span> <span class='ocrx_word' id='word_1_160' title='bbox 963 1283 1236 1336; x_wconf 84' lang='lat' dir='ltr'>Latinarum,</span> <span class='ocrx_word' id='word_1_161' title='bbox 1260 1282 1478 1328; x_wconf 79' lang='lat' dir='ltr'>literarum</span> <span class='ocrx_word' id='word_1_162' title='bbox 1507 1302 1634 1331; x_wconf 83' lang='lat' dir='ltr'>amor</span> <span class='ocrx_word' id='word_1_163' title='bbox 1664 1299 1724 1332; x_wconf 86' lang='lat' dir='ltr'>te·</span> 
     </span>
     <span class='ocr_line' id='line_1_20' title="bbox 163 1347 1721 1414; baseline 0.003 -20"><span class='ocrx_word' id='word_1_164' title='bbox 163 1361 246 1394; x_wconf 85' lang='lat' dir='ltr'>net.</span> <span class='ocrx_word' id='word_1_165' title='bbox 320 1351 493 1395; x_wconf 85' lang='lat' dir='ltr'>Harum</span> <span class='ocrx_word' id='word_1_166' title='bbox 516 1347 783 1403; x_wconf 81' lang='lat' dir='ltr'>editionum,</span> <span class='ocrx_word' id='word_1_167' title='bbox 807 1353 1005 1395; x_wconf 84' lang='lat' dir='ltr'>omnium</span> <span class='ocrx_word' id='word_1_168' title='bbox 1030 1367 1077 1395; x_wconf 82' lang='lat' dir='ltr'>ae</span> <span class='ocrx_word' id='word_1_169' title='bbox 1099 1348 1378 1414; x_wconf 86' lang='lat' dir='ltr'>singularum,</span> <span class='ocrx_word' id='word_1_170' title='bbox 1404 1349 1588 1398; x_wconf 89' lang='lat' dir='ltr'>indicem</span> <span class='ocrx_word' id='word_1_171' title='bbox 1619 1371 1721 1399; x_wconf 89' lang='lat' dir='ltr'>con·</span> 
     </span>
     <span class='ocr_line' id='line_1_21' title="bbox 163 1415 1720 1486; baseline 0.005 -26"><span class='ocrx_word' id='word_1_172' title='bbox 163 1426 308 1473; x_wconf 72' lang='lat' dir='ltr'>texere</span> <span class='ocrx_word' id='word_1_173' title='bbox 330 1431 502 1462; x_wconf 83' lang='lat' dir='ltr'>conatus</span> <span class='ocrx_word' id='word_1_174' title='bbox 530 1416 589 1463; x_wconf 72' lang='lat' dir='ltr'>esi</span> <span class='ocrx_word' id='word_1_175' title='bbox 611 1420 867 1479; x_wconf 85' lang='lat' dir='ltr'>Anonymus</span> <span class='ocrx_word' id='word_1_176' title='bbox 899 1415 1098 1481; x_wconf 82' lang='lat' dir='ltr'>quidam,</span> <span class='ocrx_word' id='word_1_177' title='bbox 1130 1415 1334 1476; x_wconf 85' lang='lat' dir='ltr'>(nescio,</span> <span class='ocrx_word' id='word_1_178' title='bbox 1366 1436 1418 1464; x_wconf 89' lang='lat' dir='ltr'>an</span> <span class='ocrx_word' id='word_1_179' title='bbox 1448 1422 1481 1465; x_wconf 82' lang='lat' dir='ltr'>is</span> <span class='ocrx_word' id='word_1_180' title='bbox 1513 1417 1624 1481; x_wconf 82' lang='lat' dir='ltr'>ipse,</span> <span class='ocrx_word' id='word_1_181' title='bbox 1647 1424 1720 1486; x_wconf 87' lang='lat' dir='ltr'>qui</span> 
     </span>
     <span class='ocr_line' id='line_1_22' title="bbox 160 1481 1716 1549; baseline 0.005 -23"><span class='ocrx_word' id='word_1_182' title='bbox 160 1481 290 1527; x_wconf 86' lang='lat' dir='ltr'>edidit</span> <span class='ocrx_word' id='word_1_183' title='bbox 330 1486 631 1530; x_wconf 64' lang='lat' dir='ltr'>Bibliothecam</span> <span class='ocrx_word' id='word_1_184' title='bbox 655 1520 667 1536; x_wconf 96' lang='lat'>‚</span> <span class='ocrx_word' id='word_1_185' title='bbox 707 1504 797 1549; x_wconf 85' lang='lat' dir='ltr'>Jo.</span> <span class='ocrx_word' id='word_1_186' title='bbox 847 1502 992 1531; x_wconf 71' lang='lat' dir='ltr'>cuni</span> <span class='ocrx_word' id='word_1_187' title='bbox 1017 1503 1035 1530; x_wconf 88' lang='lat' dir='ltr'>s</span> <span class='ocrx_word' id='word_1_188' title='bbox 1057 1501 1134 1532; x_wconf 77' lang='lat' dir='ltr'>To</span> <span class='ocrx_word' id='word_1_189' title='bbox 1156 1503 1250 1533; x_wconf 75' lang='lat' dir='ltr'>PH.</span> <span class='ocrx_word' id='word_1_190' title='bbox 1301 1503 1511 1534; x_wconf 74' lang='lat' dir='ltr'>FRANc</span> <span class='ocrx_word' id='word_1_191' title='bbox 1533 1507 1559 1534; x_wconf 76' lang='grc' dir='ltr'>κ</span> <span class='ocrx_word' id='word_1_192' title='bbox 1585 1525 1598 1542; x_wconf 89' lang='grc'>,</span> <span class='ocrx_word' id='word_1_193' title='bbox 1647 1492 1716 1546; x_wconf 88' lang='lat' dir='ltr'>Ju-</span> 
     </span>
     <span class='ocr_line' id='line_1_23' title="bbox 158 1550 1718 1613; baseline 0.006 -19"><span class='ocrx_word' id='word_1_194' title='bbox 158 1552 276 1595; x_wconf 83' lang='lat' dir='ltr'>rium</span> <span class='ocrx_word' id='word_1_195' title='bbox 304 1550 516 1610; x_wconf 70' lang='lat' dir='ltr'>Doc&#39;lor‚)</span> <span class='ocrx_word' id='word_1_196' title='bbox 537 1555 578 1596; x_wconf 89' lang='lat' dir='ltr'>in</span> <span class='ocrx_word' id='word_1_197' title='bbox 609 1552 873 1598; x_wconf 72' lang='lat' dir='ltr'>Bibliotheca:</span> <span class='ocrx_word' id='word_1_198' title='bbox 908 1552 1127 1612; x_wconf 76' lang='lat' dir='ltr'>noviſjimae</span> <span class='ocrx_word' id='word_1_199' title='bbox 1170 1551 1520 1613; x_wconf 71' lang='lat' dir='ltr'>Ohſs’rvationum</span> <span class='ocrx_word' id='word_1_200' title='bbox 1556 1574 1607 1602; x_wconf 84' lang='lat' dir='ltr'>ac</span> <span class='ocrx_word' id='word_1_201' title='bbox 1636 1560 1718 1603; x_wconf 80' lang='lat' dir='ltr'>Re-</span> 
     </span>
     <span class='ocr_line' id='line_1_24' title="bbox 157 1617 1716 1687; baseline 0.004 -25"><span class='ocrx_word' id='word_1_202' title='bbox 157 1620 402 1678; x_wconf 76' lang='lat' dir='ltr'>censtmmm,</span> <span class='ocrx_word' id='word_1_203' title='bbox 426 1636 517 1682; x_wconf 85' lang='lat' dir='ltr'>quae</span> <span class='ocrx_word' id='word_1_204' title='bbox 541 1619 663 1665; x_wconf 83' lang='lat' dir='ltr'>Halae</span> <span class='ocrx_word' id='word_1_205' title='bbox 687 1617 843 1683; x_wconf 81' lang='lat' dir='ltr'>prodiit</span> <span class='ocrx_word' id='word_1_206' title='bbox 865 1619 915 1664; x_wconf 77' lang='lat' dir='ltr'>ab</span> <span class='ocrx_word' id='word_1_207' title='bbox 932 1625 1087 1677; x_wconf 53' lang='lat'>&amp;1718</span> <span class='ocrx_word' id='word_1_208' title='bbox 1115 1618 1165 1665; x_wconf 80' lang='lat' dir='ltr'>ad</span> <span class='ocrx_word' id='word_1_209' title='bbox 1195 1623 1432 1677; x_wconf 68' lang='lat' dir='ltr'>1720,Sec‘3.</span> <span class='ocrx_word' id='word_1_210' title='bbox 1449 1626 1519 1673; x_wconf 87' lang='lat' dir='ltr'>IV.</span> <span class='ocrx_word' id='word_1_211' title='bbox 1550 1625 1716 1687; x_wconf 70' lang='lat' dir='ltr'>Obftrv.</span> 
     </span>
     <span class='ocr_line' id='line_1_25' title="bbox 149 1684 1716 1757; baseline 0.005 -27"><span class='ocrx_word' id='word_1_212' title='bbox 149 1700 196 1745; x_wconf 79' lang='lat'>3.</span> <span class='ocrx_word' id='word_1_213' title='bbox 211 1691 339 1750; x_wconf 53' lang='lat'><em>[2164.</em></span> <span class='ocrx_word' id='word_1_214' title='bbox 411 1684 492 1732; x_wconf 90' lang='lat' dir='ltr'>Sed</span> <span class='ocrx_word' id='word_1_215' title='bbox 517 1690 753 1732; x_wconf 83' lang='lat' dir='ltr'>nominavit</span> <span class='ocrx_word' id='word_1_216' title='bbox 776 1691 807 1732; x_wconf 87' lang='lat' dir='ltr'>is</span> <span class='ocrx_word' id='word_1_217' title='bbox 834 1686 1024 1751; x_wconf 81' lang='lat' dir='ltr'>vulgares</span> <span class='ocrx_word' id='word_1_218' title='bbox 1046 1700 1209 1733; x_wconf 84' lang='lat' dir='ltr'>tantum</span> <span class='ocrx_word' id='word_1_219' title='bbox 1232 1691 1278 1736; x_wconf 76' lang='grc' dir='ltr'>ὅ(</span> <span class='ocrx_word' id='word_1_220' title='bbox 1303 1693 1491 1737; x_wconf 78' lang='lat' dir='ltr'>maxime</span> <span class='ocrx_word' id='word_1_221' title='bbox 1511 1696 1716 1757; x_wconf 77' lang='lat' dir='ltr'>cognitas,</span> 
     </span>
     <span class='ocr_line' id='line_1_26' title="bbox 157 1751 1716 1816; baseline 0.006 -18"><span class='ocrx_word' id='word_1_222' title='bbox 157 1751 282 1799; x_wconf 84' lang='lat' dir='ltr'>facile</span> <span class='ocrx_word' id='word_1_223' title='bbox 305 1771 357 1800; x_wconf 91' lang='lat' dir='ltr'>eo</span> <span class='ocrx_word' id='word_1_224' title='bbox 381 1756 558 1799; x_wconf 85' lang='lat' dir='ltr'>nomine</span> <span class='ocrx_word' id='word_1_225' title='bbox 579 1754 764 1816; x_wconf 85' lang='lat' dir='ltr'>palmam</span> <span class='ocrx_word' id='word_1_226' title='bbox 789 1753 937 1801; x_wconf 79' lang='lat' dir='ltr'>cedens</span> <span class='ocrx_word' id='word_1_227' title='bbox 961 1751 1236 1801; x_wconf 72' lang='lat' dir='ltr'>versatissimo</span> <span class='ocrx_word' id='word_1_228' title='bbox 1258 1759 1301 1801; x_wconf 92' lang='lat' dir='ltr'>in</span> <span class='ocrx_word' id='word_1_229' title='bbox 1332 1758 1395 1803; x_wconf 87' lang='lat' dir='ltr'>his</span> <span class='ocrx_word' id='word_1_230' title='bbox 1421 1757 1566 1805; x_wconf 80' lang='lat' dir='ltr'>studiis</span> <span class='ocrx_word' id='word_1_231' title='bbox 1590 1763 1716 1816; x_wconf 87' lang='lat' dir='ltr'>Viro,</span> 
     </span>
     <span class='ocr_line' id='line_1_27' title="bbox 161 1822 1716 1886; baseline 0.005 -20"><span class='ocrx_word' id='word_1_232' title='bbox 161 1838 229 1885; x_wconf 80' lang='lat' dir='ltr'>Jo.</span> <span class='ocrx_word' id='word_1_233' title='bbox 269 1837 550 1868; x_wconf 68' lang='lat' dir='ltr'>GOTTLIFB</span> <span class='ocrx_word' id='word_1_234' title='bbox 595 1840 845 1875; x_wconf 67' lang='lat' dir='ltr'>KRAUMO,</span> <span class='ocrx_word' id='word_1_235' title='bbox 881 1822 987 1868; x_wconf 88' lang='lat' dir='ltr'>olim</span> <span class='ocrx_word' id='word_1_236' title='bbox 1022 1822 1297 1885; x_wconf 71' lang='lat' dir='ltr'>Lipsiensium</span> <span class='ocrx_word' id='word_1_237' title='bbox 1327 1823 1523 1881; x_wconf 69' lang='lat' dir='ltr'>doc‘lori‚</span> <span class='ocrx_word' id='word_1_238' title='bbox 1551 1832 1634 1886; x_wconf 84' lang='lat' dir='ltr'>jam</span> <span class='ocrx_word' id='word_1_239' title='bbox 1670 1832 1716 1874; x_wconf 90' lang='lat' dir='ltr'>in</span> 
     </span>
     <span class='ocr_line' id='line_1_28' title="bbox 157 1888 1714 1955; baseline 0.005 -22"><span class='ocrx_word' id='word_1_240' title='bbox 157 1888 389 1935; x_wconf 81' lang='lat' dir='ltr'>Academia</span> <span class='ocrx_word' id='word_1_241' title='bbox 418 1888 757 1953; x_wconf 77' lang='lat' dir='ltr'>Vitembergenfi</span> <span class='ocrx_word' id='word_1_242' title='bbox 781 1894 925 1955; x_wconf 77' lang='lat' dir='ltr'>magni</span> <span class='ocrx_word' id='word_1_243' title='bbox 960 1908 1441 1939; x_wconf 67' lang='lat' dir='ltr'>sciiURerssiscntr</span> <span class='ocrx_word' id='word_1_244' title='bbox 1465 1893 1714 1941; x_wconf 83' lang='lat' dir='ltr'>cathedram</span> 
     </span>
     <span class='ocr_line' id='line_1_29' title="bbox 158 1955 1714 2026; baseline 0.007 -27"><span class='ocrx_word' id='word_1_245' title='bbox 158 1959 352 2012; x_wconf 77' lang='lat' dir='ltr'>ornanti,</span> <span class='ocrx_word' id='word_1_246' title='bbox 374 1959 449 2019; x_wconf 78' lang='lat' dir='ltr'>qui</span> <span class='ocrx_word' id='word_1_247' title='bbox 476 1960 520 2001; x_wconf 87' lang='lat' dir='ltr'>iu</span> <span class='ocrx_word' id='word_1_248' title='bbox 548 1961 677 2002; x_wconf 72' lang='lat' dir='ltr'>Novis</span> <span class='ocrx_word' id='word_1_249' title='bbox 699 1962 939 2004; x_wconf 73' lang='lat' dir='ltr'>Literarz&#39;is</span> <span class='ocrx_word' id='word_1_250' title='bbox 955 1993 966 2009; x_wconf 90' lang='lat'>,</span> <span class='ocrx_word' id='word_1_251' title='bbox 999 1960 1144 2003; x_wconf 83' lang='lat' dir='ltr'>Latine</span> <span class='ocrx_word' id='word_1_252' title='bbox 1175 1955 1351 2021; x_wconf 79' lang='lat' dir='ltr'>scriptis,</span> <span class='ocrx_word' id='word_1_253' title='bbox 1374 1965 1417 2006; x_wconf 73' lang='grc' dir='ltr'>ὅ(</span> <span class='ocrx_word' id='word_1_254' title='bbox 1444 1965 1582 2026; x_wconf 73' lang='lat' dir='ltr'>Lipstae</span> <span class='ocrx_word' id='word_1_255' title='bbox 1603 1962 1714 2010; x_wconf 86' lang='lat' dir='ltr'>olim</span> 
     </span>
     <span class='ocr_line' id='line_1_30' title="bbox 159 2018 1713 2089; baseline 0.006 -24"><span class='ocrx_word' id='word_1_256' title='bbox 159 2018 299 2074; x_wconf 85' lang='lat' dir='ltr'>editis,</span> <span class='ocrx_word' id='word_1_257' title='bbox 316 2027 430 2067; x_wconf 75' lang='lat' dir='ltr'>Anni</span> <span class='ocrx_word' id='word_1_258' title='bbox 455 2040 537 2080; x_wconf 79' lang='lat'><em>1719</em></span> <span class='ocrx_word' id='word_1_259' title='bbox 554 2026 612 2072; x_wconf 77' lang='lat' dir='ltr'>P.</span> <span class='ocrx_word' id='word_1_260' title='bbox 633 2027 700 2068; x_wconf 88' lang='lat' dir='ltr'>VI.</span> <span class='ocrx_word' id='word_1_261' title='bbox 717 2030 820 2087; x_wconf 72' lang='lat' dir='ltr'>p.o‘7</span> <span class='ocrx_word' id='word_1_262' title='bbox 831 2025 922 2087; x_wconf 78' lang='lat' dir='ltr'>seq.</span> <span class='ocrx_word' id='word_1_263' title='bbox 946 2023 1186 2086; x_wconf 87' lang='lat' dir='ltr'>pleniorem</span> <span class='ocrx_word' id='word_1_264' title='bbox 1211 2024 1340 2089; x_wconf 84' lang='lat' dir='ltr'>longe</span> <span class='ocrx_word' id='word_1_265' title='bbox 1373 2025 1713 2077; x_wconf 67' lang='lat' dir='ltr'>instrudlior&#39;em-</span> 
     </span>
     <span class='ocr_line' id='line_1_31' title="bbox 157 2087 1710 2154; baseline 0.007 -21"><span class='ocrx_word' id='word_1_266' title='bbox 157 2104 267 2152; x_wconf 88' lang='lat' dir='ltr'>que,</span> <span class='ocrx_word' id='word_1_267' title='bbox 283 2092 342 2145; x_wconf 83' lang='lat'>&amp;,</span> <span class='ocrx_word' id='word_1_268' title='bbox 358 2099 402 2134; x_wconf 91' lang='lat' dir='ltr'>ut</span> <span class='ocrx_word' id='word_1_269' title='bbox 421 2088 525 2134; x_wconf 78' lang='lat' dir='ltr'>nihil</span> <span class='ocrx_word' id='word_1_270' title='bbox 551 2106 640 2134; x_wconf 91' lang='lat' dir='ltr'>non</span> <span class='ocrx_word' id='word_1_271' title='bbox 663 2087 967 2134; x_wconf 66' lang='lat' dir='ltr'>accur-utillime</span> <span class='ocrx_word' id='word_1_272' title='bbox 989 2093 1023 2135; x_wconf 87' lang='lat' dir='ltr'>is</span> <span class='ocrx_word' id='word_1_273' title='bbox 1045 2090 1268 2154; x_wconf 83' lang='lat' dir='ltr'>explorare</span> <span class='ocrx_word' id='word_1_274' title='bbox 1298 2090 1429 2147; x_wconf 89' lang='lat' dir='ltr'>solet,</span> <span class='ocrx_word' id='word_1_275' title='bbox 1456 2098 1710 2144; x_wconf 83' lang='lat' dir='ltr'>certioribus</span> 
     </span>
     <span class='ocr_line' id='line_1_32' title="bbox 158 2153 1709 2229; baseline 0.006 -28"><span class='ocrx_word' id='word_1_276' title='bbox 158 2172 210 2202; x_wconf 87' lang='lat' dir='ltr'>ex</span> <span class='ocrx_word' id='word_1_277' title='bbox 241 2153 429 2202; x_wconf 84' lang='lat' dir='ltr'>fontibus</span> <span class='ocrx_word' id='word_1_278' title='bbox 453 2159 651 2218; x_wconf 80' lang='lat' dir='ltr'>petitam,</span> <span class='ocrx_word' id='word_1_279' title='bbox 678 2158 833 2202; x_wconf 82' lang='lat' dir='ltr'>harum</span> <span class='ocrx_word' id='word_1_280' title='bbox 864 2155 1103 2203; x_wconf 84' lang='lat' dir='ltr'>editionum</span> <span class='ocrx_word' id='word_1_281' title='bbox 1137 2155 1442 2222; x_wconf 57' lang='lat' dir='ltr'>supellectilem</span> <span class='ocrx_word' id='word_1_282' title='bbox 1477 2166 1709 2229; x_wconf 79' lang='lat' dir='ltr'>congeffit,</span> 
     </span>
     <span class='ocr_line' id='line_1_33' title="bbox 158 2223 1704 2288; baseline 0.007 -19"><span class='ocrx_word' id='word_1_283' title='bbox 158 2227 325 2288; x_wconf 86' lang='lat' dir='ltr'>optime</span> <span class='ocrx_word' id='word_1_284' title='bbox 366 2228 421 2269; x_wconf 87' lang='lat' dir='ltr'>ita</span> <span class='ocrx_word' id='word_1_285' title='bbox 451 2223 533 2270; x_wconf 80' lang='lat' dir='ltr'>live</span> <span class='ocrx_word' id='word_1_286' title='bbox 563 2223 614 2270; x_wconf 90' lang='lat' dir='ltr'>de</span> <span class='ocrx_word' id='word_1_287' title='bbox 644 2226 862 2288; x_wconf 81' lang='lat' dir='ltr'>Scriptore</span> <span class='ocrx_word' id='word_1_288' title='bbox 894 2227 1073 2279; x_wconf 80' lang='lat' dir='ltr'>Graeco,</span> <span class='ocrx_word' id='word_1_289' title='bbox 1103 2225 1186 2272; x_wconf 79' lang='lat' dir='ltr'>slve</span> <span class='ocrx_word' id='word_1_290' title='bbox 1218 2225 1270 2273; x_wconf 86' lang='lat' dir='ltr'>de</span> <span class='ocrx_word' id='word_1_291' title='bbox 1320 2247 1341 2274; x_wconf 84' lang='lat' dir='ltr'>P</span> <span class='ocrx_word' id='word_1_292' title='bbox 1360 2247 1386 2276; x_wconf 96' lang='lat' dir='ltr'>o</span> <span class='ocrx_word' id='word_1_293' title='bbox 1406 2249 1428 2275; x_wconf 90' lang='lat' dir='ltr'>L</span> <span class='ocrx_word' id='word_1_294' title='bbox 1449 2249 1463 2275; x_wconf 94' lang='lat'>1</span> <span class='ocrx_word' id='word_1_295' title='bbox 1490 2248 1520 2276; x_wconf 83' lang='lat' dir='ltr'>T</span> <span class='ocrx_word' id='word_1_296' title='bbox 1542 2251 1556 2278; x_wconf 90' lang='lat'>1</span> <span class='ocrx_word' id='word_1_297' title='bbox 1577 2252 1606 2280; x_wconf 83' lang='grc' dir='ltr'>Α</span> <span class='ocrx_word' id='word_1_298' title='bbox 1625 2251 1658 2279; x_wconf 88' lang='grc' dir='ltr'>Ν</span> <span class='ocrx_word' id='word_1_299' title='bbox 1676 2251 1704 2280; x_wconf 90' lang='lat' dir='ltr'>o</span> 
     </span>
     <span class='ocr_line' id='line_1_34' title="bbox 156 2290 1710 2356; baseline 0.008 -20"><span class='ocrx_word' id='word_1_300' title='bbox 156 2291 321 2346; x_wconf 79' lang='lat' dir='ltr'>nostro,</span> <span class='ocrx_word' id='word_1_301' title='bbox 338 2290 419 2338; x_wconf 73' lang='lat' dir='ltr'>live</span> <span class='ocrx_word' id='word_1_302' title='bbox 442 2291 495 2338; x_wconf 85' lang='lat' dir='ltr'>de</span> <span class='ocrx_word' id='word_1_303' title='bbox 519 2294 598 2346; x_wconf 76' lang='lat' dir='ltr'>his,</span> <span class='ocrx_word' id='word_1_304' title='bbox 619 2292 690 2356; x_wconf 86' lang='lat' dir='ltr'>qui</span> <span class='ocrx_word' id='word_1_305' title='bbox 713 2297 774 2339; x_wconf 88' lang='lat' dir='ltr'>rei</span> <span class='ocrx_word' id='word_1_306' title='bbox 800 2293 1015 2351; x_wconf 76' lang='lat' dir='ltr'>literariae,</span> <span class='ocrx_word' id='word_1_307' title='bbox 1050 2297 1238 2341; x_wconf 71' lang='lat' dir='ltr'>maxime</span> <span class='ocrx_word' id='word_1_308' title='bbox 1270 2313 1373 2342; x_wconf 88' lang='lat' dir='ltr'>vero</span> <span class='ocrx_word' id='word_1_309' title='bbox 1408 2296 1616 2354; x_wconf 74' lang='lat' dir='ltr'>librariae,</span> <span class='ocrx_word' id='word_1_310' title='bbox 1638 2319 1710 2348; x_wconf 89' lang='lat' dir='ltr'>cu-</span> 
     </span>
     <span class='ocr_line' id='line_1_35' title="bbox 154 2357 1708 2425; baseline 0.007 -21"><span class='ocrx_word' id='word_1_311' title='bbox 154 2359 255 2406; x_wconf 82' lang='lat' dir='ltr'>riofi</span> <span class='ocrx_word' id='word_1_312' title='bbox 281 2357 396 2413; x_wconf 85' lang='lat' dir='ltr'>sunt,</span> <span class='ocrx_word' id='word_1_313' title='bbox 433 2378 532 2406; x_wconf 85' lang='lat' dir='ltr'>meo</span> <span class='ocrx_word' id='word_1_314' title='bbox 564 2359 750 2421; x_wconf 83' lang='lat' dir='ltr'>jndicio,</span> <span class='ocrx_word' id='word_1_315' title='bbox 777 2366 1047 2425; x_wconf 72' lang='lat' dir='ltr'>promeritus.</span> <span class='ocrx_word' id='word_1_316' title='bbox 1131 2363 1413 2420; x_wconf 81' lang='lat' dir='ltr'>Quantumvis</span> <span class='ocrx_word' id='word_1_317' title='bbox 1447 2379 1589 2414; x_wconf 81' lang='lat' dir='ltr'>tamen</span> <span class='ocrx_word' id='word_1_318' title='bbox 1614 2368 1708 2416; x_wconf 86' lang='lat' dir='ltr'>dili-</span> 
     </span>
     <span class='ocr_line' id='line_1_36' title="bbox 153 2424 1708 2495; baseline 0.008 -22"><span class='ocrx_word' id='word_1_319' title='bbox 153 2430 306 2491; x_wconf 84' lang='lat' dir='ltr'>gentiae</span> <span class='ocrx_word' id='word_1_320' title='bbox 328 2424 397 2473; x_wconf 82' lang='lat' dir='ltr'>hic</span> <span class='ocrx_word' id='word_1_321' title='bbox 419 2426 740 2481; x_wconf 76' lang='lat' dir='ltr'>animadvertas,</span> <span class='ocrx_word' id='word_1_322' title='bbox 764 2427 819 2474; x_wconf 83' lang='lat' dir='ltr'>sat</span> <span class='ocrx_word' id='word_1_323' title='bbox 843 2428 1012 2493; x_wconf 81' lang='lat' dir='ltr'>largum</span> <span class='ocrx_word' id='word_1_324' title='bbox 1041 2431 1151 2476; x_wconf 87' lang='lat' dir='ltr'>mihi</span> <span class='ocrx_word' id='word_1_325' title='bbox 1170 2431 1264 2495; x_wconf 81' lang='lat' dir='ltr'>post</span> <span class='ocrx_word' id='word_1_326' title='bbox 1296 2429 1473 2480; x_wconf 80' lang='lat' dir='ltr'>meffem</span> <span class='ocrx_word' id='word_1_327' title='bbox 1505 2448 1593 2483; x_wconf 88' lang='lat' dir='ltr'>tam</span> <span class='ocrx_word' id='word_1_328' title='bbox 1625 2435 1708 2485; x_wconf 84' lang='lat' dir='ltr'>soe·</span> 
     </span>
     <span class='ocr_line' id='line_1_37' title="bbox 155 2492 1706 2564; baseline 0.003 -23"><span class='ocrx_word' id='word_1_329' title='bbox 155 2494 338 2541; x_wconf 81' lang='lat' dir='ltr'>cundam</span> <span class='ocrx_word' id='word_1_330' title='bbox 374 2492 641 2560; x_wconf 80' lang='lat' dir='ltr'>spicilegium</span> <span class='ocrx_word' id='word_1_331' title='bbox 675 2496 872 2542; x_wconf 67' lang='lat' dir='ltr'>relidlum</span> <span class='ocrx_word' id='word_1_332' title='bbox 914 2496 1064 2552; x_wconf 85' lang='lat' dir='ltr'>video,</span> <span class='ocrx_word' id='word_1_333' title='bbox 1091 2511 1136 2544; x_wconf 92' lang='lat' dir='ltr'>ut</span> <span class='ocrx_word' id='word_1_334' title='bbox 1182 2504 1444 2564; x_wconf 80' lang='lat' dir='ltr'>perquirenti</span> <span class='ocrx_word' id='word_1_335' title='bbox 1490 2506 1598 2550; x_wconf 88' lang='lat' dir='ltr'>mihi</span> <span class='ocrx_word' id='word_1_336' title='bbox 1636 2523 1706 2552; x_wconf 87' lang='lat' dir='ltr'>va.</span> 
     </span>
     <span class='ocr_line' id='line_1_38' title="bbox 155 2562 1706 2631; baseline 0.007 -22"><span class='ocrx_word' id='word_1_337' title='bbox 155 2566 244 2609; x_wconf 87' lang='lat' dir='ltr'>rios</span> <span class='ocrx_word' id='word_1_338' title='bbox 285 2563 518 2608; x_wconf 85' lang='lat' dir='ltr'>Librorum</span> <span class='ocrx_word' id='word_1_339' title='bbox 567 2563 752 2621; x_wconf 79' lang='lat' dir='ltr'>Indices,</span> <span class='ocrx_word' id='word_1_340' title='bbox 774 2568 845 2629; x_wconf 88' lang='lat' dir='ltr'>qui</span> <span class='ocrx_word' id='word_1_341' title='bbox 881 2562 956 2612; x_wconf 84' lang='lat' dir='ltr'>suo</span> <span class='ocrx_word' id='word_1_342' title='bbox 993 2571 1080 2624; x_wconf 73' lang='lat' dir='ltr'>iure</span> <span class='ocrx_word' id='word_1_343' title='bbox 1114 2569 1157 2612; x_wconf 91' lang='lat' dir='ltr'>in</span> <span class='ocrx_word' id='word_1_344' title='bbox 1184 2568 1526 2631; x_wconf 77' lang='lat' dir='ltr'>praestantissimis</span> <span class='ocrx_word' id='word_1_345' title='bbox 1551 2574 1706 2620; x_wconf 89' lang='lat' dir='ltr'>haben-</span> 
     </span>
     <span class='ocr_line' id='line_1_39' title="bbox 154 2629 1706 2691; baseline 0.008 -16"><span class='ocrx_word' id='word_1_346' title='bbox 154 2643 250 2686; x_wconf 87' lang='lat' dir='ltr'>tur,</span> <span class='ocrx_word' id='word_1_347' title='bbox 288 2629 492 2677; x_wconf 81' lang='lat' dir='ltr'>editiones</span> <span class='ocrx_word' id='word_1_348' title='bbox 529 2633 771 2678; x_wconf 77' lang='lat' dir='ltr'>Herodiani</span> <span class='ocrx_word' id='word_1_349' title='bbox 791 2671 803 2689; x_wconf 84' lang='lat'>,</span> <span class='ocrx_word' id='word_1_350' title='bbox 848 2631 931 2679; x_wconf 75' lang='lat' dir='ltr'>sive</span> <span class='ocrx_word' id='word_1_351' title='bbox 968 2635 1105 2682; x_wconf 77' lang='lat' dir='ltr'>Latini</span> <span class='ocrx_word' id='word_1_352' title='bbox 1127 2648 1307 2691; x_wconf 88' lang='lat' dir='ltr'>tantum,</span> <span class='ocrx_word' id='word_1_353' title='bbox 1349 2636 1431 2684; x_wconf 78' lang='lat' dir='ltr'>five</span> <span class='ocrx_word' id='word_1_354' title='bbox 1459 2658 1558 2685; x_wconf 89' lang='lat' dir='ltr'>cum</span> <span class='ocrx_word' id='word_1_355' title='bbox 1588 2642 1706 2688; x_wconf 82' lang='lat' dir='ltr'>Grae·</span> 
     </span>
     <span class='ocr_line' id='line_1_40' title="bbox 153 2699 1706 2770; baseline 0.008 -25"><span class='ocrx_word' id='word_1_356' title='bbox 153 2714 208 2745; x_wconf 87' lang='lat' dir='ltr'>co</span> <span class='ocrx_word' id='word_1_357' title='bbox 236 2699 469 2760; x_wconf 64' lang='lat' dir='ltr'>conjuntf&#39;ti,</span> <span class='ocrx_word' id='word_1_358' title='bbox 506 2699 599 2763; x_wconf 87' lang='lat' dir='ltr'>plus</span> <span class='ocrx_word' id='word_1_359' title='bbox 632 2718 759 2764; x_wconf 86' lang='lat' dir='ltr'>quam</span> <span class='ocrx_word' id='word_1_360' title='bbox 790 2704 938 2764; x_wconf 87' lang='lat' dir='ltr'>viginti</span> <span class='ocrx_word' id='word_1_361' title='bbox 973 2703 1239 2756; x_wconf 84' lang='lat' dir='ltr'>obvenerint,</span> <span class='ocrx_word' id='word_1_362' title='bbox 1275 2722 1367 2770; x_wconf 85' lang='lat' dir='ltr'>quae</span> <span class='ocrx_word' id='word_1_363' title='bbox 1397 2706 1491 2753; x_wconf 92' lang='lat' dir='ltr'>illos</span> <span class='ocrx_word' id='word_1_364' title='bbox 1532 2726 1706 2758; x_wconf 79' lang='lat' dir='ltr'>KRAU-</span> 
     </span>
     <span class='ocr_line' id='line_1_41' title="bbox 158 2766 1704 2843; baseline 0.007 -30"><span class='ocrx_word' id='word_1_365' title='bbox 158 2781 178 2813; x_wconf 87' lang='lat' dir='ltr'>s</span> <span class='ocrx_word' id='word_1_366' title='bbox 198 2785 212 2814; x_wconf 94' lang='lat'>1</span> <span class='ocrx_word' id='word_1_367' title='bbox 231 2786 246 2814; x_wconf 91' lang='lat'>1</span> <span class='ocrx_word' id='word_1_368' title='bbox 261 2802 275 2824; x_wconf 90' lang='lat'>,</span> <span class='ocrx_word' id='word_1_369' title='bbox 292 2769 559 2833; x_wconf 84' lang='lat' dir='ltr'>quantumvis</span> <span class='ocrx_word' id='word_1_370' title='bbox 584 2780 703 2819; x_wconf 88' lang='lat' dir='ltr'>acute</span> <span class='ocrx_word' id='word_1_371' title='bbox 727 2766 927 2823; x_wconf 82' lang='lat' dir='ltr'>videntes,</span> <span class='ocrx_word' id='word_1_372' title='bbox 944 2769 1095 2817; x_wconf 79' lang='lat' dir='ltr'>oculos</span> <span class='ocrx_word' id='word_1_373' title='bbox 1118 2768 1370 2838; x_wconf 84' lang='lat' dir='ltr'>effugerant.</span> <span class='ocrx_word' id='word_1_374' title='bbox 1395 2774 1536 2823; x_wconf 82' lang='lat' dir='ltr'>Habes</span> <span class='ocrx_word' id='word_1_375' title='bbox 1555 2779 1704 2843; x_wconf 86' lang='lat' dir='ltr'>igitur,</span> 
     </span>
    </p>
   </div>
   <div class='ocr_carea' id='block_1_6' title="bbox 843 2836 1706 2895">
    <p class='ocr_par' dir='ltr' id='par_1_6' title="bbox 843 2836 1706 2895">
     <span class='ocr_line' id='line_1_42' title="bbox 843 2836 1706 2895; baseline 0.01 -10"><span class='ocrx_word' id='word_1_376' title='bbox 843 2836 988 2888; x_wconf 89' lang='lat' dir='ltr'>Bbbb</span> <span class='ocrx_word' id='word_1_377' title='bbox 1033 2855 1056 2886; x_wconf 86' lang='lat'><strong>2</strong></span> <span class='ocrx_word' id='word_1_378' title='bbox 1404 2892 1410 2895; x_wconf 13' lang='grc' dir='ltr'>χ</span> <span class='ocrx_word' id='word_1_379' title='bbox 1629 2864 1706 2894; x_wconf 79' lang='lat' dir='ltr'>cur</span> 
     </span>
    </p>
   </div>
  </div>
 </body>
</html>
