2064 3115
236 218 310 262 252
758 209 1155 251 HISTORIA
1217 210 1411 251 VITAE

235 350 676 428 concinnam,
725 367 868 435 quae
928 344 1250 435 nusquam
1295 367 1436 414 non
1484 366 1779 434 apparet,
1810 374 1916 420 ve·
1970 346 1974 348 ’

236 457 455 508 terum
499 440 855 507 Poetarum
910 439 1347 519 imitationem
1378 489 1395 520 ‚
1440 436 1551 504 vix
1611 439 1920 511 admirari

231 530 377 600 satis
417 531 666 619 poteris
690 529 757 598 &
783 528 1172 596 collaudare.
1203 528 1445 612 Sed‚ut
1472 525 1622 594 sunt
1659 530 1920 615 ingenia

231 621 639 703 hominum5
678 624 819 688 non
859 620 1029 688 adeo
1075 620 1417 687 communi
1473 616 1609 685 haec
1652 639 1924 706 excepta

230 711 379 782 sunt
405 709 629 802 plausu
659 711 724 779 δε
757 709 1346 799 approbatione,ut
1377 731 1517 777 non
1545 711 1752 778 varias
1779 708 1923 777 sub-

231 805 389 873 inde
421 804 781 891 legentium
808 799 1347 888 reprehenfiones
1378 801 1792 875 incurrerint.
1810 801 1923 890 (h)

233 898 415 987 Qas
474 894 581 961 etsi
649 912 790 963 non
838 893 925 957 ita
973 905 1378 978 comparatas
1443 891 1714 977 fingulas
1791 894 1923 960 exi-

230 987 536 1075 stimem,
598 1000 674 1050 ut
743 998 1046 1049 evertere
1116 981 1377 1069 penitus
1434 981 1651 1048 Poetae
1720 984 1923 1050 nostri

231 1078 514 1165 gloriam
573 1074 639 1142 &
676 1073 1066 1160 dignitatem
1123 1069 1422 1160 poffint3
1528 1070 1924 1141 diffimulam

230 1169 390 1235 dum
433 1184 658 1233 tamen
700 1165 972 1232 minime
1022 1164 1306 1246 Videtur,
1332 1165 1398 1229 in
1426 1163 1764 1232 nonnullis
1801 1186 1924 1233 nec

229 1257 559 1326 suavitatis
615 1252 760 1322 satis
819 1253 941 1322 effe
968 1306 985 1338 ‚
1035 1252 1168 1342 (i)
1234 1275 1356 1321 nec
1411 1255 1634 1341 legum
1700 1257 1924 1323 metri-

228 1370 461 1416 ecu‘um
511 1368 655 1415 eam
683 1399 700 1429 ,
744 1367 885 1435 quae
929 1345 1252 1434 praecipua
1288 1345 1511 1413 Poetae
1547 1344 1671 1413 effe
1705 1342 1925 1430 debet,

233 1461 460 1508 curam
505 1437 963 1506 animadverti.
1008 1434 1146 1526 (k)

230 1605 327 1661 (a)
361 1601 507 1663 Quam
539 1610 642 1662 apto
663 1595 714 1643 ad
734 1594 884 1642 Poefin
918 1598 1097 1660 ingenio
1130 1606 1280 1640 natura
1314 1592 1560 1639 instruxerit
1597 1613 1620 1641 P
1638 1611 1666 1640 o
1688 1612 1712 1639 L
1738 1613 1753 1639 1
1775 1613 1805 1642 Τ
1825 1613 1840 1641 1
1862 1614 1925 1641 Α-

345 1685 422 1716 Nu
440 1685 475 1713 M
497 1703 513 1721 ‚
560 1664 627 1712 vel
658 1663 700 1710 id
723 1662 988 1710 documento
1021 1659 1104 1709 esse
1139 1661 1293 1726 potest,
1316 1658 1434 1725 quod
1465 1662 1608 1725 prima
1640 1659 1780 1707 statim
1809 1679 1924 1726 ‹pne-
1984 1694 1987 1699 -

342 1739 451 1782 ritiae
474 1746 611 1788 aetate,
624 1733 794 1780 calentis
819 1747 938 1777 venae
959 1734 1175 1796 impetum
1197 1725 1377 1784 secutus,
1390 1727 1593 1794 praeclara
1619 1727 1689 1774 illa
1713 1732 1756 1775 in
1779 1729 1926 1776 lucem

344 1802 509 1850 dederit
542 1805 703 1866 ingenii
735 1797 998 1863 specimina,
1024 1814 1215 1863 quorum
1257 1796 1445 1861 aliquam
1472 1798 1745 1843 mentionem
1781 1801 1928 1860 injeci-

343 1888 440 1918 mus
464 1868 588 1934 supra
612 1873 660 1926 ,οἵ
687 1871 764 1917 III.
804 1869 898 1913 Nec
920 1866 997 1914 nifi
1027 1868 1197 1911 homini
1221 1863 1483 1927 frequentius
1505 1867 1549 1911 in
1583 1864 1801 1912 Helicone
1831 1883 1927 1912 ver-

343 1937 446 1986 santi
475 1940 674 2001 apprime
698 1928 944 1982 conveniri
960 1931 1182 1980 videbatur
1215 1931 1404 1997 sigillum
1435 1930 1541 1978 illud
1571 1931 1742 1999 Pegasi,
1767 1933 1927 1981 annulo

345 2024 369 2054 Ρ
394 2024 422 2053 o
448 2024 473 2052 L
493 2024 508 2053 1
527 2022 558 2051 T
581 2022 597 2050 1
616 2022 647 2051 A
665 2021 697 2050 N
713 2020 728 2048 1
767 1997 1042 2066 impressum,
1067 1997 1185 2065 quod
1213 1997 1327 2062 ipse,
1351 2011 1397 2045 ut
1421 1999 1607 2046 vidimus
1651 2006 1699 2058 ,οἱ
1722 2005 1749 2048 Ι.
1785 2020 1828 2050 n.
1857 2021 1928 2056 oo,

305 2077 310 2080 ”
342 2075 598 2122 testamento
647 2090 671 2118 ι’
692 2090 706 2118 1
730 2088 787 2119 C1
835 2068 948 2116 testis
980 2065 1249 2133 apposuerat.
1306 2066 1480 2113 Infitam
1511 2069 1621 2115 hanc
1660 2072 1707 2115 &
1734 2071 1928 2116 innatam

341 2146 503 2209 poetici
533 2141 689 2187 laboris
719 2136 915 2186 indolem
947 2154 1025 2202 per
1059 2153 1194 2183 omne
1229 2138 1323 2182 vitae
1348 2147 1522 2200 tempus
1557 2134 1760 2183 industria
1781 2140 1827 2184 ὅ(
1857 2153 1929 2184 ve-

342 2224 487 2258 terum
524 2212 758 2257 Poetarum
796 2206 984 2254 leffione
1027 2208 1166 2269 magis
1204 2207 1426 2270 magisque
1469 2203 1782 2263 confirmavit3
1853 2208 1929 2264 ὅτ,

343 2276 463 2344 quod
489 2280 622 2323 rarius
644 2278 815 2322 evenire
851 2272 958 2321 solet
976 2310 989 2327 ‚
1012 2273 1190 2338 triplicis
1215 2271 1388 2337 linguae,
1419 2272 1574 2320 Italicae
1601 2290 1785 2338 nempe,
1810 2274 1928 2319 Grae-

346 2349 478 2403 cae,&
504 2347 679 2399 Latinae,
715 2362 810 2409 qnae
838 2340 1127 2389 diverfiffimis
1147 2345 1276 2388 metri
1299 2340 1466 2406 legibus
1489 2338 1925 2395 circumscribuntur,

343 2418 473 2462 Poeta
512 2412 597 2460 dici
643 2415 815 2462 meruit,
886 2414 942 2458 Et
980 2413 1122 2476 patrio
1157 2408 1334 2475 quidem
1370 2407 1572 2458 sermone
1621 2427 1714 2476 quae
1746 2426 1927 2473 compo-

343 2481 424 2532 suit
456 2494 684 2548 poemata,
708 2484 753 2527 in
792 2493 912 2526 tanto
935 2482 1078 2543 pretio
1102 2479 1313 2527 habentur
1344 2477 1472 2537 Italis,
1492 2492 1545 2529 m
1571 2476 1621 2525 ad
1661 2495 1688 2525 n
1710 2497 1740 2526 Λ
1757 2496 1789 2524 N
1815 2495 1844 2524 Τ
1869 2496 1883 2524 1
1906 2494 1924 2525 s

344 2555 389 2599 ὅ(
435 2570 457 2599 P
477 2569 502 2599 E
522 2570 553 2599 Τ
574 2568 601 2597 R
624 2567 653 2596 A
674 2567 701 2595 R
721 2566 745 2596 c
767 2566 795 2595 H
818 2566 854 2595 ΛΞ
906 2548 1162 2613 elegantiam
1199 2546 1403 2602 accedere
1441 2565 1570 2611 quam
1613 2549 1815 2611 proxime
1851 2563 1928 2610 pu·

346 2632 502 2670 teutur.
609 2616 913 2665 Domesticum
946 2612 1162 2663 'arceffam
1205 2615 1355 2663 testem
1371 2650 1386 2669 ,
1441 2634 1457 2681 J
1476 2633 1504 2663 o
1518 2651 1528 2661 .
1579 2633 1602 2662 r
1623 2632 1729 2662 RAN
1749 2631 1773 2661 c
1791 2651 1800 2662 .
1845 2632 1867 2660 Ρ
1884 2631 1899 2661 ι
1914 2641 1930 2650 -

351 2705 375 2734 c
394 2706 422 2734 u
442 2709 478 2736 Μ
495 2725 508 2743 ,
554 2691 627 2754 qui
661 2704 846 2738 eornm,
882 2703 975 2750 quae
1014 2683 1210 2731 condidit
1251 2703 1272 2731 P
1294 2702 1321 2732 o
1339 2703 1360 2731 L
1381 2703 1394 2730 1
1418 2700 1448 2729 T
1468 2701 1482 2729 1
1500 2701 1531 2731 Α
1550 2702 1579 2730 N
1600 2701 1628 2728 u
1652 2701 1670 2730 s
1689 2720 1701 2738 ,
1725 2686 1928 2730 omnium

347 2760 392 2805 ἂ
427 2756 562 2822 probe
591 2771 749 2822 gnarus
782 2751 863 2802 fuit
886 2790 900 2810 ,
938 2756 983 2801 ὀί
1010 2752 1218 2802 aessimare
1244 2751 1497 2818 dignitatem
1528 2764 1718 2799 noverat.
1801 2753 1840 2796 Is
1875 2748 1927 2795 de

1759 2821 1928 2867 Carmi-
