2064 3115
698 165 832 241 {aa}
900 172 931 233 ·(
971 172 1075 232 ο)
1150 163 1285 238 ᾁέΐῑὲἑ

111 274 366 380 ptisque
437 274 957 372 comprehensum
1024 279 1098 346 sit:
1160 298 1482 368 nunquam
1562 274 1846 342 interitu-

112 383 343 449 ris.‚aut
369 375 584 458 majori
622 374 684 444 in
714 371 844 437 dies
886 393 1079 459 opera
1106 367 1314 436 nostra
1349 366 1639 457 pristinae
1675 363 1845 431 resti-

111 489 320 537 tuatur
351 467 502 543 luci,
540 483 602 529 et
640 484 720 528 ex
749 460 1187 538 obscurissimis
1240 457 1557 526 vetustatis
1593 475 1841 526 eruatur

110 555 552 628 monumentis.
657 551 1041 641 Conspirant
1082 574 1218 617 eam
1255 552 1320 616 in
1355 562 1490 615 rem*
1527 547 1839 635 gentium,

110 667 301 739 penes
331 667 483 735 quas
510 644 576 709 in
605 642 853 709 honore
880 641 1020 708 sunt
1051 641 1297 720 literae,
1337 640 1524 727 plane
1553 638 1841 703 omnium

108 735 331 815 studia;
369 733 549 800 idem
578 731 871 805 omnibus
900 731 1086 799 ardor
1109 728 1195 806 est
1215 729 1384 815 justis
1414 727 1683 794 ornandi
1709 725 1839 791 eio-

101 827 218 914 giis
254 822 571 895 clariffima.
606 821 962 902 doctorum
988 822 1245 888 civium.
1270 820 1574 897 nomina;
1664 817 1839 907 quie-

106 914 259 1006 quid
287 914 367 981 de
399 912 648 1002 'singulis
696 911 965 1002 singulae
1000 930 1401 1000 compertum
1439 908 1706 987 habent,
1747 907 1839 983 vi-

104 1007 251 1073 deas
281 1007 345 1072 in
369 1027 710 1071 commune
737 1001 1042 1084 conferri,
1079 1000 1465 1092 pervolutari
1503 998 1837 1085 diligenter

101 1115 487 1166 etaccurate
516 1093 866 1182 investigari
888 1091 1223 1182 immensos
1245 1091 1458 1165 omnis
1485 1089 1623 1156 aevi
1649 1109 1835 1166 anna-

105 1187 233 1268 165,-
284 1209 319 1252 a
354 1183 753 1274 scriptoribus
787 1186 1079 1251 notitiam
1120 1183 1253 1273 peti
1275 1181 1548 1271 ,optimis
1583 1175 1836 1270 quibus-

105 1274 630 1365 que,abditissima
655 1274 1190 1342 Bibliothecarum
1217 1270 1558 1362 penetralia
1583 1268 1835 1360 perqui-

104 1367 188 1444 ri,
216 1387 338 1428 nec
367 1363 535 1442 ullis,
554 1365 770 1451 quanti
802 1365 1019 1451 quanti
1045 1363 1183 1442 sint,
1198 1363 1371 1451 parci
1395 1360 1832 1439 sumtibuS‚ut,

104 1475 241 1542 quo
288 1452 558 1542 quisque
602 1452 830 1518 merito
890 1453 1000 1518 suo
1048 1452 1213 1523 inter
1259 1451 1569 1521 maximos
1618 1449 1834 1526 aetatis

106 1543 246 1610 suae
271 1541 458 1608 fuerit
490 1541 648 1610 olim
684 1562 1077 1613 numeratus,
1117 1563 1407 1633 quaeque
1442 1536 1675 1606 fuerint
1708 1535 1839 1617 fata

108 1634 239 1718 ejus
257 1666 274 1713 ,
301 1651 370 1698 et·
389 1628 683 1699 fortunae
712 1631 1158 1700 viciffitudines
1174 1682 1191 1713 ,
1208 1631 1543 1698 luculentis
1567 1629 1835 1704 enarrari

107 1723 635 1804 Commentariis,
663 1741 728 1790 et
752 1723 1041 1812 gentibus
1071 1723 1193 1791 late
1218 1722 1604 1812 populisque
1631 1721 1836 1789 omni-

103 1812 590 1902 buslegendum
621 1813 752 1882 dari
778 1814 971 1904 possit
1006 1812 1588 1904 admirandumque.
1677 1812 1835 1896 Qo

106 1903 221 1971 etsi
260 1906 526 1993 negotio
565 1928 710 1972 cum
746 1906 935 1972 animi
973 1903 1243 1995 quadam
1281 1903 1614 1993 voluptate
1638 1922 1703 1976 et
1725 1901 1838 1969 ob-

108 1994 495 2062 lectamento
521 1996 564 2062 ii
587 1996 869 2085 inprimis
905 1996 1202 2063 videntur
1237 1992 1556 2084 perfungi,
1595 1994 1704 2084 qui
1741 2014 1839 2059 ea-

112 2081 292 2158 dem,
322 2107 508 2170 quam
544 2085 656 2170 ipfi
693 2086 948 2164 colunt,
981 2105 1142 2151 terra
1178 2086 1391 2162 editis,
1426 2082 1840 2173 ejusdemque

113 2171 315 2256 gentis
344 2172 624 2259 exeeptis
649 2174 910 2260 gremiO,
923 2192 1221 2261 tanquam
1246 2171 1574 2261 praeclaris
1602 2174 1840 2261 patriae

112 2260 529 2342 ornamentis,
556 2261 1090 2328 immortalitatem
1116 2262 1453 2329 conciliare
1481 2260 1720 2351 scriptis
1748 2263 1839 2328 in-

110 2345 473 2429 stituerunt3
542 2349 777 2418 habent
802 2370 1013 2419 tamen
1043 2371 1106 2419 et
1130 2352 1249 2434 illi,
1288 2375 1477 2445 quem
1510 2374 1589 2420 ex
1622 2351 1839 2419 labore

111 2436 223 2504 suo
261 2435 501 2539 sperare
546 2439 807 2529 poffint,
851 2440 1125 2510 fructum
1163 2442 1576 2523 uberrimum,
1652 2445 1732 2525 ui,
1761 2466 1840 2510 ex

110 2525 222 2596 suo
244 2550 439 2618 magis
478 2554 662 2621 quam
693 2533 927 2623 patriae
967 2536 1174 2620 pretio
1210 2537 1507 2605 virtutem
1541 2556 1611 2604 ae
1666 2535 1848 2602 imari‘

949 2624 1000 2715 )(
1025 2623 1075 2715 )(
1638 2625 1642 2629 ’
1733 2622 1846 2695 de«,
