2064 3115
365 196 611 255 ANGEL'x
660 204 1461 252 Amnnoomtromrum.
1677 204 1749 265 29

211 378 345 424 quam
366 361 639 424 Diplomatis
673 357 865 421 publici,
897 372 987 419 quo
1019 355 1226 400 Do&oris
1248 357 1340 414 jura
1376 354 1424 396 in
1445 349 1587 414 ipsum
1609 347 1748 394 colla-

213 443 256 474 ta
282 428 391 474 sunt.
458 431 695 487 Utriusque
720 427 842 469 enim
867 426 916 468 in
939 423 1075 468 literis
1100 422 1240 468 dietus
1265 420 1323 466 est
1352 417 1552 480 Angelus
1584 415 1745 461 Noster

201 494 321 557 filius
343 498 504 560 egregii
524 491 716 538 Dob't'oris
737 488 959 536 Benedic'li
980 488 1032 535 de
1053 487 1331 554 Ambroginis.
1344 486 1489 550 Ipsum
1507 483 1744 530 verborum

210 564 415 609 ordinem
426 560 513 605 vid.
522 554 658 624 snpra
669 562 706 613 ,θ’
709 592 718 602 .
733 557 927 619 1.n0t.(l<)
949 550 1008 603 39³
1021 556 1101 618 (m)
1130 557 1258 602 Unde
1279 569 1397 600 certo
1420 553 1551 599 nobis
1572 565 1664 596 tam
1688 550 1742 594 de

208 632 420 682 nomine,
471 643 607 688 quam
631 626 683 671 de
703 623 970 671 nobilissima
993 628 1092 670 vitae
1115 624 1379 669 conditione
1408 623 1600 685 parentis
1632 633 1741 663 con-

206 695 313 742 stare
344 694 496 758 potest.
567 690 878 738 Honestiffima
902 695 1024 737 enim
1047 691 1106 737 est
1134 694 1299 756 egregii
1319 687 1512 734 Doc'ioris
1545 684 1742 750 appella-

206 764 272 808 tio
296 765 344 806 in
369 760 529 807 tabulis
552 760 643 806 illis
667 760 823 815 obvia,
845 775 982 822 quarn
1008 758 1063 804 de
1083 758 1299 819 dignitate
1320 756 1528 800 Dostoris
1551 753 1708 799 malim
1728 782 1742 804 ‚

205 845 341 892 quam
373 828 428 874 de
446 844 629 875 munere
649 827 843 873 docendi
863 825 1073 888 intelligi.
1142 827 1295 884 Cujus
1324 838 1429 868 vero
1460 822 1631 866 ordinis
1661 821 1743 864 ho-

206 912 338 942 nores
359 895 553 942 summos
577 898 768 959 ceperit,
811 910 912 939 cum
935 896 985 938 in
1006 891 1106 956 ipsis
1130 890 1292 938 tabulis
1316 906 1411 934 non
1445 889 1495 934 fit
1515 888 1743 941 additum,

206 979 290 1009 nec
324 979 406 1025 ego
459 963 647 1027 planum
674 961 818 1008 facere
849 961 944 1006 ulla
979 964 1155 1005 ratione
1185 958 1337 1005 aufim.
1443 960 1650 1002 Ceterum
1692 968 1745 999 ex

205 1032 275 1078 his
299 1044 442 1095 patet,
465 1048 560 1077 non
587 1035 648 1076 ita
672 1029 812 1075 stricste
835 1029 1096 1092 explicanda
1120 1025 1202 1073 effe
1229 1025 1360 1072 verba
1403 1042 1426 1070 P
1441 1040 1467 1069 o
1485 1040 1510 1069 L
1527 1040 1580 1068 1·r
1596 1040 1610 1069 1
1626 1037 1740 1074 ANI,

204 1115 300 1162 quae
339 1098 549 1156 habetjn
582 1096 765 1162 epistola
798 1097 854 1142 ad
886 1097 1132 1142 Matthiam
1164 1097 1330 1156 Regem
1352 1095 1560 1138 Panoniae
1584 1092 1632 1136 L.
1667 1093 1738 1136 IX.

204 1180 265 1232 ep.
288 1182 316 1220 1,
347 1165 423 1211 ubi
446 1169 531 1211 ita:
570 1166 753 1211 Tantum
773 1162 943 1220 dixero,
962 1179 1026 1208 me
1045 1164 1269 1208 Laurentii
1288 1158 1490 1215 Medicis,
1510 1162 1656 1222 magni
1664 1154 1741 1220 Ja-

196 1236 437 1300 pientisque
455 1236 546 1279 viri
562 1263 580 1270 -
603 1260 619 1267 -
641 1259 656 1267 -
683 1248 761 1278 non
782 1230 1004 1296 diligentia
1025 1234 1182 1286 minus,
1221 1244 1345 1295 quam
1367 1225 1626 1273 liberalitate
1640 1263 1653 1281 ‚
1686 1224 1741 1270 de

206 1296 370 1360 obscuro
389 1304 589 1363 tenuique
606 1299 702 1354 loco,
722 1315 803 1362 quo
823 1292 1332 1362 nastentemsusecperat,
1354 1299 1398 1340 in
1416 1295 1602 1359 aliquam
1623 1303 1740 1338 certe

207 1366 336 1410 lucem
352 1363 686 1430 dignitatemque
705 1365 829 1410 nullis
848 1363 950 1410 adeo
968 1363 1045 1427 mfi
1061 1366 1285 1410 literarum
1305 1361 1573 1407 adminiculis
1584 1373 1740 1424 perve-

204 1430 314 1494 mffe.
382 1435 559 1478 Etenim
580 1433 693 1477 bene
716 1443 904 1476 noverat
939 1447 1005 1475 1³0
1020 1446 1133 1477 ωτι
1147 1445 1172 1476 Δ
1188 1447 1310 1483 nus,
1361 1444 1514 1474 coram
1535 1429 1740 1490 Principe

201 1510 328 1542 tanto
359 1513 456 1542 non
489 1498 643 1544 decere
692 1495 865 1542 natales
898 1499 1052 1556 jactari
1077 1528 1089 1550 ,
1137 1499 1421 1559 quantumvis
1451 1493 1625 1539 nobiles
1658 1494 1731 1539 illi

199 1576 252 1610 'ac
273 1562 649 1620 honestifuerint,
670 1563 1097 1611 sedextenuandum
1117 1566 1265 1627 potius
1300 1561 1381 1609 effe
1402 1595 1415 1619 ‚
1437 1561 1651 1624 quicquid
1681 1562 1740 1607 ad

198 1630 342 1692 ipsum
362 1635 579 1696 pertinere
600 1633 834 1679 videretur.
899 1635 999 1677 Nec
1020 1635 1069 1676 in
1090 1630 1213 1677 suam
1232 1630 1322 1696 ipse
1342 1630 1572 1677 fortunam
1594 1626 1738 1676 lufiffe

193 1697 422 1763 putandus
444 1700 502 1745 est
528 1716 787 1748 rom-rimus
802 1698 1026 1746 verficulis
1057 1697 1165 1754 illis,
1186 1715 1309 1763 quos*
1319 1697 1451 1745 refert
1481 1710 1735 1742 NATHAN.

199 1782 506 1815 cnrrRAEus
554 1773 598 1814 in
625 1769 993 1825 Deliciisssvarior.
1027 1771 1073 1812 in
1101 1769 1252 1832 Euro‘p.
1288 1770 1432 1812 itiner.
1466 1777 1507 1829 p.
1530 1780 1613 1821 112,
1655 1760 1732 1809 sub

198 1836 370 1881 aditum
395 1839 564 1881 montis
590 1836 827 1890 FaesulanI,
849 1851 940 1898 quo
959 1834 1114 1898 saepius
1136 1835 1350 1881 divertere
1381 1826 1554 1880 solebat
1573 1831 1735 1878 Noster

197 1901 416 1949 beneficio
436 1905 564 1950 Laur.
586 1905 800 1958 Medicei,
823 1906 872 1948 in
897 1902 1104 1950 conclavi
1128 1903 1328 1967 quodam
1347 1916 1485 1949 manu
1508 1903 1598 1962 ejus
1629 1896 1732 1945 scri-

197 1983 299 2033 ptos
316 1973 520 2032 reperiri:
679 1986 695 2001 *
1328 1997 1330 1999 *

341 2071 344 2073 Α
394 2033 553 2098 Misbro
573 2037 718 2100 quello,
739 2037 810 2084 chi
827 2037 885 2084 da
895 2034 1072 2103 persiana
1093 2038 1179 2084 vile

409 2098 540 2161 Naste
560 2103 606 2146 di
627 2119 699 2147 cor
715 2108 980 2167 magnanimo
998 2099 1057 2148 δί’
1071 2104 1251 2168 gentile.

200 2165 415 2223 Injuriam
439 2164 603 2212 fecisset
623 2166 728 2212 sorti
748 2167 855 2224 suae,
894 2169 922 2215 fi
945 2171 1036 2215 haec
1069 2170 1146 2216 fibi
1179 2164 1362 2216 dixisset.
1439 2169 1728 2232 Quocunque

200 2235 323 2276 enim
343 2231 476 2277 fuerit
496 2233 676 2279 demum
694 2249 876 2297 parente
898 2239 1089 2298 genitus,
1113 2249 1227 2282 certe
1248 2249 1356 2281 tunc
1377 2237 1604 2299 temporis,
1625 2252 1728 2282 cum

198 2299 302 2344 data
328 2303 368 2345 ei
394 2297 494 2345 effet
513 2316 538 2344 a
561 2302 801 2346 Laurentio
823 2301 1011 2365 potestas
1045 2303 1278 2350 secedendi
1309 2306 1361 2348 in
1400 2318 1557 2365 agrum
1590 2301 1726 2349 Faesu-

198 2363 380 2421 lanum,
402 2382 498 2412 non
520 2366 648 2413 miser
668 2367 772 2432 ipse,
793 2367 866 2415 sed
889 2368 998 2416 felix
1020 2374 1113 2432 jam
1133 2370 1235 2417 satis
1261 2384 1375 2427 erat,
1395 2370 1728 2433 splendidisque

196 2434 455 2508 muneribus
487 2437 531 2481 &
553 2450 712 2497 magna
750 2439 867 2500 apud
898 2453 1054 2485 omnes
1093 2438 1416 2486 existimatione
1446 2436 1731 2496 inclaruerat:

194 2498 302 2545 Aha
353 2503 487 2563 igitur
515 2506 674 2565 quaevis
705 2503 830 2550 causa
862 2504 1104 2553 scribendis
1138 2507 1212 2555 his
1240 2506 1462 2557 versiculis
1491 2500 1732 2555 m'ateriam

195 2566 410 2637 dederit-1³
421 2586 449 2618 o
461 2585 487 2618 ι.
500 2587 515 2618 1
527 2587 554 2618 T
565 2587 579 2618 1
591 2585 620 2618 A
632 2587 665 2618 N
677 2587 704 2619 o
717 2602 730 2629 ,
749 2570 919 2622 necesse
948 2574 1021 2621 est.

888 2708 923 2755 E
960 2724 977 2769 3
1553 2705 1726 2774 (z)1pfi=
