1960 3135
168 256 246 300 572
688 245 1046 286 uts‘rontA
1110 246 1308 286 VITAE
1375 278 1378 280 ,

171 323 1325 346 -......--..—-.—.-—--.......

279 379 418 439 (paene
440 373 650 426 dixerim,
655 379 683 430 )
691 375 874 437 singulis
908 372 1076 429 verbis,
1100 375 1453 438 reconditamque
1485 372 1742 428 dobirinam,
1760 391 1840 419 non

269 447 476 506 populari
505 446 679 495 trutina
710 441 992 506 expendemus
1013 446 1443 506 examinabimusqne
1470 457 1486 494 ;
1523 440 1688 505 dignus
1718 444 1838 488 vide·

277 508 413 564 bitur,
438 515 515 572 qui
549 512 699 554 multis
726 521 923 555 veterum
944 526 1025 555 non
1055 509 1307 570 conferatur
1325 508 1458 559 modo,
1468 506 1553 569 sed
1583 513 1716 554 ctiam
1733 523 1838 571 prae-

265 576 464 639 ferotur.
505 576 724 637 Promittit
745 579 786 621 in
811 576 974 627 eadem,
997 573 1038 621 se
1061 572 1149 620 suas
1181 575 1436 639 propediem
1468 579 1510 620 in
1538 577 1838 637 SylvasMan-

278 658 322 691 to
345 650 388 689 ἀ
414 642 621 690 Ambram
647 647 959 690 Annotationes
981 641 1197 688 editurum
1221 661 1234 699 3
1279 641 1394 703 quod
1417 660 1468 686 au
1491 642 1654 688 fastum
1682 641 1729 687 fit
1761 649 1839 705 po-

279 711 380 761 stea,
404 712 596 755 dubitare
626 728 698 756 me
725 711 837 768 jubet
868 712 1056 756 aliorum
1090 712 1360 773 Scriptorum
1393 708 1615 755 silentium.
1687 712 1838 755 Praelc-

279 780 412 825 ditoni
445 781 548 824 huie
582 775 849 838 subjunc‘ium
875 777 933 824 est
955 777 1092 841 ipsum
1117 779 1306 823 Carmen
1339 795 1362 824 Ρ
1380 795 1406 824 o
1424 797 1447 823 L
1465 797 1476 823 ι
1497 795 1527 824 Τ
1546 795 1560 823 1
1579 797 1608 825 Α
1627 795 1660 823 Ν
1680 795 1698 823 1
1713 815 1725 833 ,
1739 795 1839 823 cum

278 845 539 909 ampliffimo
574 864 596 893 B
615 863 639 892 E
660 863 820 892 RALDI
862 850 1192 898 Commentario,
1218 849 1262 890 in
1286 862 1389 909 quo,
1412 844 1548 904 judice
1570 863 1633 910 Jo
1650 880 1659 890 .
1697 862 1720 890 L
1744 862 1772 890 U
1794 861 1840 891 D.

279 930 342 959 v1
360 931 389 959 v
407 932 431 960 Ε
480 912 571 961 Ltb.
588 917 662 961 III.
686 919 737 960 de
766 914 898 958 Trad.
927 911 1090 975 dist-apl.
1108 928 1151 976 p.
1164 930 1215 958 m.
1233 929 1343 971 544,
1379 915 1562 958 multum
1593 911 1720 959 habet
1751 916 1837 958 Au-

277 995 346 1028 tor
378 999 430 1026 ex
454 984 692 1044 Philologia
730 978 935 1024 bonarum
977 996 1140 1032 rerum,
1167 994 1369 1025 accurate
1398 979 1731 1043 depromtarum.
1763 979 1837 1026 Est

275 1051 310 1093 is
344 1047 464 1092 labor
496 1063 614 1092 mere
656 1048 826 1092 criticus
848 1079 863 1098 ,
893 1062 970 1090 nec
1008 1046 1130 1091 verba
1156 1058 1350 1098 tantum,
1373 1043 1443 1092 sed
1467 1063 1532 1092 res
1558 1042 1662 1109 ipsas
1687 1049 1834 1100 etiam,

277 1133 328 1161 ex
361 1113 504 1179 priscis
538 1118 805 1176 Scriptorum
830 1117 1125 1159 monumentis
1147 1113 1349 1166 illustrat,
1376 1113 1636 1168 & brevius‚
1661 1111 1728 1160 seu
1760 1115 1835 1160 ob—

276 1181 465 1236 scurius,
495 1181 603 1227 ditsta
639 1181 811 1227 clariori
845 1180 938 1227 luce
975 1179 1208 1244 perfundit.
1279 1181 1460 1229 Verbo:
1497 1198 1544 1227 ea
1575 1197 1675 1227 cura
1709 1181 1837 1229 breve

275 1254 363 1298 hoc
405 1253 651 1295 recentioris
688 1251 829 1295 Poetae
861 1250 1051 1295 Carmen
1091 1247 1345 1295 illustratum
1392 1247 1450 1295 est
1472 1284 1485 1302 ,
1516 1265 1597 1314 qua
1628 1251 1698 1295 vix
1730 1253 1836 1296 anti-

275 1324 482 1383 quiorum
529 1319 758 1363 Poetarum
812 1314 1147 1380 praestantissima
1179 1333 1368 1382 quaeque.
1459 1315 1631 1362 Claudit
1676 1316 1835 1364 librum

274 1387 403 1432 breve
448 1396 516 1433 BE
536 1403 698 1433 RAIDI
750 1385 814 1432 ad
845 1385 1059 1432 Lei-“iorem
1098 1391 1310 1432 monitum
1331 1419 1346 1438 ,
1382 1401 1469 1449 quo
1491 1387 1706 1430 incautius
1736 1383 1835 1431 scri·

270 1469 449 1520 ptorum
491 1458 658 1500 veniam
692 1452 897 1499 Lediores
935 1465 1061 1517 rogat
1085 1487 1100 1507 ,
1131 1450 1248 1517 quod
1278 1468 1359 1518 per
1393 1459 1679 1513 occupationes
1717 1455 1833 1499 alias

271 1524 355 1572 haec
388 1522 506 1588 ipfiz,
528 1539 582 1568 ex
602 1520 1209 1586 idiographistransscrtpta‚
1241 1538 1294 1566 ne
1315 1519 1451 1580 semel
1478 1520 1653 1585 quidem
1675 1523 1830 1584 relege-

271 1608 319 1640 re
342 1595 549 1658 potuerit.
598 1589 742 1642 Addit,
759 1591 1082 1654 plagiariorum
1118 1588 1244 1641 causa
1268 1588 1349 1634 baec
1373 1585 1633 1653 publicanda
1653 1591 1833 1633 tandem

262 1659 617 1725 fu1ffi‚quorum
643 1674 803 1703 novam
825 1653 1053 1718 aliquando
1083 1653 1320 1701 editionem
1355 1653 1581 1715 expediare
1618 1653 1730 1711 jubet
1754 1653 1833 1700 Le·

272 1727 431 1780 fiores,
451 1729 498 1786 si
518 1730 689 1789 potiora
721 1725 792 1769 vel
823 1723 945 1770 leffiio
975 1723 1181 1788 posterior
1218 1726 1535 1786 excogitaverit
1556 1757 1568 1776 ‚
1599 1723 1670 1767 vel
1697 1727 1835 1768 otium

271 1796 451 1843 liberius
472 1792 845 1859 suppeditaverit,
866 1791 937 1838 vel
961 1790 1150 1839 benevoli
1184 1789 1411 1849 cujusdam
1437 1789 1608 1835 lecsi‘oris
1643 1787 1831 1853 diligen-

270 1868 339 1909 tia
365 1861 634 1907 admonitum
655 1858 941 1923 fiappleverit.
1010 1857 1188 1903 Caleem
1224 1856 1319 1901 libri
1351 1854 1673 1919 gemmularum
1701 1855 1831 1902 instat

271 1940 426 1977 ornant
474 1927 572 1972 bina
628 1944 645 1991 J
664 1944 715 1972 o.
760 1942 867 1973 RAv
884 1942 897 1969 1
921 1941 939 1970 s
960 1942 976 1970 1
998 1942 1015 1970 1
1080 1941 1111 1970 Τ
1129 1942 1152 1970 E
1169 1941 1197 1970 x
1219 1940 1249 1969 'r
1268 1941 1295 1971 o
1312 1941 1337 1970 R
1357 1942 1367 1969 1
1385 1939 1405 1968 s
1462 1926 1791 1987 Epigrammata
1813 1942 1832 1978 ;

270 1997 454 2043 alterum
488 2000 538 2040 in
571 1994 790 2051 Rusticum
823 1993 1067 2044 Politiam‘‚
1102 1990 1278 2055 Dialogi
1311 1991 1459 2035 habitu
1483 1991 1712 2047 indutum,
1743 2007 1830 2057 quo

267 2065 462 2128 Rusticus
485 2065 530 2109 ὅ(
558 2061 811 2108 Politianus
844 2056 1062 2105 sermones
1090 2055 1269 2106 miscere
1299 2056 1552 2124 finguntur:

317 2169 374 2217 R.
391 2165 547 2232 Angele
573 2162 791 2209 dormitas
814 2164 835 2207 ,2
870 2160 917 2208 P.
929 2163 1041 2223 Qis
1061 2162 1145 2205 tu?
1176 2158 1227 2206 R.
1251 2163 1345 2206 Tua
1371 2157 1582 2206 Rusticus.
1607 2157 1653 2207 P,
1676 2157 1762 2208 Obc

465 2233 552 2280 Vix
563 2244 681 2297 puto.
712 2231 764 2276 R.
788 2232 1036 2295 Compqſstas
1057 2225 1216 2292 inspice
1237 2229 1375 2273 Ruris
1397 2239 1503 2291 oper.

315 2306 363 2355 P.
382 2306 523 2352 Ruris
545 2315 634 2366 opes
656 2297 813 2361 saturi
843 2300 1048 2364 quamvis
1080 2300 1128 2340 in
1159 2297 1309 2342 limine
1333 2306 1504 2358 portes:

462 2374 525 2418 Tu
556 2380 704 2414 tamen
729 2384 770 2413 es
794 2370 970 2432 proprio
998 2362 1210 2424 diffl'milis
1242 2363 1423 2411 domino.

315 2441 369 2490 R.
392 2443 510 2487 Cur?
543 2438 584 2482 P.
607 2439 822 2499 Qoniam
836 2450 1014 2498 gemmae
1037 2443 1079 2478 te
1098 2438 1435 2497 circumquaque
1455 2431 1698 2494 venustant.

455 2506 540 2556 Sed
561 2504 781 2551 dominum
808 2500 977 2549 modicae
999 2517 1080 2547 non
1102 2501 1187 2559 nist
1202 2503 1339 2546 Ruris
1361 2513 1466 2563 opes.

315 2576 372 2626 R.
394 2577 631 2624 Miraris?
668 2573 709 2619 P.
737 2573 894 2616 Miror.
934 2569 1018 2616 Sed
1045 2570 1156 2633 quid
1181 2572 1419 2632 peregrina
1452 2571 1635 2634 vagaris
1656 2571 1679 2614 ‚2

454 2646 507 2691 R.
531 2647 603 2690 Me
615 2642 796 2706 profugi
814 2643 972 2704 quaerit
991 2639 1099 2683 Solis
1119 2649 1297 2701 uterque
1320 2637 1442 2681 locus.

314 2714 362 2763 P.
385 2716 470 2760 Cur
495 2717 514 2757 ,Ρ
562 2712 615 2757 R.
632 2712 735 2755 Cum
752 2719 893 2771 gratu
915 2708 1044 2751 viris.
1081 2708 1195 2750 Nam
1220 2707 1562 2750 Commentarius
1586 2700 1687 2763 rste,

451 2784 543 2845 Qo
564 2784 726 2845 cingor,
738 2778 927 2824 numeris
948 2779 1144 2822 convenit
1164 2772 1396 2839 Angelicis.
1646 2838 1679 2884 Ρ
1713 2839 1803 2902 ἐ.

1682 2875 1690 2884 .
1755 2856 1825 2886 uis
