2064 3115
279 234 588 283 ANGELt-
622 237 1053 285 Amnnoclm
1120 236 1510 290 murum.
1657 249 1742 298 ως

171 364 260 413 bas.
327 362 411 410 Sed
439 362 510 409 hoc
530 361 739 426 posterius
769 373 915 407 tamen
938 367 1007 409 ita
1037 364 1301 423 cuncf't'anter,
1324 370 1395 413 ita
1414 367 1657 433 suspiciose,
1667 371 1738 432 fe·

172 433 278 492 cisti,
308 432 432 497 quasi
454 429 634 493 denique
653 428 880 486 metuiffls,
901 445 952 475 ne
982 445 1047 474 me
1076 431 1178 477 laedi
1193 438 1385 497 gravius
1401 447 1620 500 putarem,
1630 440 1740 496 sicu-

171 498 218 547 In·
235 497 310 546 abs
330 510 386 553 te,
405 511 485 541 non
506 493 731 553 doc‘liffl'mo
741 494 883 557 solum
903 501 1014 553 viro,
1026 496 1116 558 sed
1129 506 1284 564 optimo
1308 518 1483 567 quoque,
1510 504 1739 569 redargue-

171 584 260 615 rer.
329 565 409 628 Ego
429 565 586 626 igitur,
597 578 847 628 quanquam
869 563 1128 622 diſjimulare
1159 582 1238 612 non
1250 569 1428 634 poffum,
1441 570 1739 617 laudationem

172 632 291 682 ”tihi
312 642 433 676 tuam
448 627 597 690 fuzffi,
601 643 682 693 pro
715 646 772 686 eo,
794 648 845 675 ac
868 629 1029 688 debuit,
1044 637 1209 679 omnino
1236 635 1543 699 gratiffi'mam,
1574 651 1737 694 tamen,

171 713 226 749 ut
252 714 344 746 eam
375 711 536 760 quoque
553 694 823 759 plaustbilius
842 703 1092 760 excipwem,
1116 700 1242 760 causa
1261 702 1364 762 fuit
1390 709 1610 770 inprimis,
1623 706 1739 770 quod

172 758 336 815 abunde
350 762 487 822 fidem
517 760 747 807 blanditiis
767 763 857 808 illis
882 768 973 807 tuis
997 780 1126 810 comes
1143 765 1305 811 addita
1332 767 1527 826 libertas,
1542 788 1591 817 ne
1618 773 1740 818 dixe·

170 831 517 896 rimcastigatiO,
529 828 740 891 faciebat.
812 832 980 876 Etenim
1002 847 1083 877 non
1104 847 1174 894 ego
1195 832 1375 877 avidius
1394 835 1740 903 refellamquam

171 899 312 964 refelli
343 914 408 944 me
430 902 615 962 patiar,
651 897 703 946 εἴ
732 902 969 962 opinionum
991 898 1196 959 fallaciis
1212 936 1225 955 ,
1257 901 1382 965 quasi
1413 900 1573 948 morbis
1602 912 1742 952 animi

165 971 407 1038 praecipuis,
420 965 550 1010 multo
578 970 715 1011 etiam
733 962 935 1010 libentius
959 964 1045 1031 ipfi’
1076 982 1273 1022 caream,
1293 984 1425 1032 quam
1456 982 1614 1016 ceteros
1643 971 1742 1018 libe·

173 1052 278 1082 rem.
355 1036 492 1079 Tuum
511 1048 610 1078 vero
632 1032 743 1078 mihi
764 1038 928 1078 omnino
948 1035 1072 1100 quasi
1089 1048 1173 1100 pro
1207 1035 1349 1099 lapide
1370 1036 1505 1098 Lydio
1515 1038 1743 1098 judicium

175 1098 296 1150 debet
328 1101 415 1164 eſj‘e.
486 1103 613 1156 Nam,
627 1113 677 1145 ut
699 1101 770 1145 illo
784 1113 948 1166 purum
980 1100 1248 1166 dignffcitur
1268 1119 1422 1148 aurum
1449 1103 1503 1150 ab
1526 1105 1740 1153 adulteri-

174 1171 316 1230 no‚stc
337 1166 455 1235 apud
482 1184 548 1214 me
579 1166 630 1214 de
649 1180 728 1214 tua
734 1168 872 1228 facile
883 1167 1107 1230 sententia
1131 1185 1279 1214 verum
1313 1168 1493 1219 videtur
1510 1174 1624 1239 poffe
1645 1175 1740 1236 sal-

165 1237 348 1302 fiamque
370 1234 568 1298 disterni.
638 1238 722 1281 Nec
753 1235 820 1295 est,
832 1240 879 1281 in
903 1253 984 1302 quo
1007 1249 1099 1283 tam
1121 1234 1219 1282 bene
1239 1236 1290 1289 de
1303 1243 1498 1303 propriis
1521 1241 1632 1287 mihi
1647 1242 1739 1303 stu-

175 1304 268 1352 diis
290 1302 536 1369 spondeam,
557 1319 688 1368 quam
719 1302 834 1368 quod
865 1308 934 1349 ita
957 1302 1182 1369 disputare
1198 1303 1312 1365 soleo
1343 1305 1396 1351 de
1431 1305 1666 1373 ambiguis,
1689 1323 1740 1356 ue

168 1373 270 1439 plus
300 1378 471 1417 invento
503 1386 603 1416 vero
625 1369 869 1435 gaudeam,
891 1387 1022 1435 quam
1052 1371 1252 1418 viatoria.
1277 1399 1336 1407 —
1360 1400 1402 1408 —
1431 1377 1560 1440 Cupio
1593 1388 1740 1426 tamen

178 1439 230 1488 εἴ
253 1438 304 1484 de
324 1443 491 1493 ceteris,
503 1437 614 1500 quid
627 1437 815 1498 finnus,
835 1438 1003 1495 audire,
1023 1450 1148 1485 tanto
1175 1443 1384 1500 majorem
1404 1439 1489 1487 tibi
1508 1441 1740 1491 habiturus

177 1504 376 1570 quotidie
402 1502 623 1569 gratiam,
645 1516 807 1568 quanto
834 1500 894 1549 'ab
925 1503 1142 1550 erroribus
1162 1523 1227 1550 me
1249 1508 1321 1551 vel
1335 1507 1509 1572 saepius,
1538 1511 1608 1555 vel
1638 1509 1737 1558 Iibe-

174 1577 286 1628 rius,
310 1572 381 1617 vel
398 1570 603 1637 postremo
623 1575 757 1617 etiam
772 1569 986 1633 ftverius,
1006 1571 1315 1619 vindicaveris.
1385 1575 1505 1620 Huic
1532 1576 1739 1639 Epistolae

174 1636 322 1688 fimilis
344 1637 404 1684 est
427 1637 504 1683 alia
526 1635 577 1683 ad
615 1656 639 1684 ι,
659 1654 683 1683 Ε
703 1655 731 1684 o
751 1657 785 1685 N
803 1656 828 1685 E
846 1656 870 1685 L
885 1656 909 1684 L
925 1655 955 1685 u
971 1657 1010 1686 Μ
1025 1673 1039 1693 ,
1062 1636 1326 1704 Episcopum
1350 1640 1739 1700 Concordiensem,

175 1705 292 1763 (Lib.
310 1709 419 1753 VIII,
435 1708 593 1771 Ep.15,)
616 1703 800 1752 eundem
831 1708 964 1751 animi
984 1703 1513 1773 candorem,eanden1que
1537 1709 1739 1759 modesti-

176 1778 267 1830 am,
281 1790 368 1838 prae
396 1770 438 1819 se
468 1771 624 1820 ferens,
663 1770 954 1836 Responsurus
985 1774 1056 1820 hic
1095 1790 1407 1829 ιΕοΝΕιιο,
1450 1778 1740 1839 Miscellanea-

134 1865 137 1867 Δ
177 1858 278 1893 rum
318 1837 491 1904 aliquod
534 1850 725 1886 erratum
765 1838 840 1886 fibi
880 1839 1097 1900 objicienti
1119 1879 1131 1897 ,
1171 1853 1259 1888 tam
1293 1840 1515 1890 moderate
1555 1841 1598 1892 se
1627 1850 1739 1911 gerit

176 1907 354 1961 Noster,
375 1906 598 1971 verbisque
626 1910 759 1953 utitur
787 1919 876 1953 tam
906 1906 958 1953 ad
978 1908 1261 1955 urbanitatem
1291 1909 1555 1974 compositis,
1582 1925 1630 1959 ut
1663 1912 1741 1960 ad.

178 1973 377 2021 mirabile
417 1975 484 2019 his
525 1973 624 2037 ipfis
669 1977 834 2021 virtutis
876 1986 964 2021 tam
1007 1975 1218 2039 praeclarae
1258 1990 1595 2025 monumentum
1638 1978 1738 2028 seris

179 2039 362 2106 posteris
397 2038 625 2102 reliquerit.
695 2043 863 2094 Mitto,
894 2043 976 2093 ait,
1010 2057 1142 2104 quam
1171 2041 1366 2105 benigne,
1398 2060 1528 2108 quam
1555 2044 1706 2093 blande
1724 2086 1738 2102 ,

178 2123 313 2174 quam
344 2105 588 2161 verecunde,
607 2122 738 2170 quam
770 2114 982 2162 amanter,
1003 2123 1135 2171 quam
1163 2109 1273 2155 lente
1295 2114 1444 2167 etiam,
1467 2113 1519 2161 εἴ
1538 2115 1737 2162 canaan-

163 2188 268 2229 ter,
287 2185 481 2220 erratum
509 2174 643 2229 illud,
667 2178 735 2218 ita
753 2178 865 2219 enim
884 2172 1129 2227 videbatur,
1153 2175 1334 2234 nostrum
1356 2180 1522 2242 protuli
1555 2185 1582 2226 i.
1595 2183 1739 2244 Qam

180 2242 333 2287 multis
373 2257 437 2287 me
453 2245 581 2306 prius
602 2238 814 2297 laudibus,
838 2243 1008 2300 etiamsi
1034 2243 1293 2307 eloquentius
1320 2245 1438 2309 longe
1458 2283 1470 2302 ,
1506 2263 1637 2312 quam
1669 2266 1737 2295 ve-

180 2313 290 2366 rius,
311 2305 537 2366 adobrusli.
604 2309 758 2364 Mitto,
780 2307 894 2372 quod
917 2307 969 2358 δ”
997 2308 1246 2356 Soderinum
1276 2310 1466 2375 delegisti
1477 2349 1492 2369 ,
1520 2320 1599 2380 qui
1628 2317 1739 2363 mihi

180 2393 274 2423 rem
292 2375 548 2442 potifflmum
564 2374 828 2439 significaret
850 2393 866 2422 .·
900 2393 980 2441 quo
1011 2381 1105 2422 viro
1133 2394 1206 2423 nec
1224 2385 1436 2444 gravior,
1456 2398 1528 2427 nec
1547 2384 1737 2449 pruden-

180 2448 286 2501 tior,
309 2458 382 2489 nec
401 2449 506 2488 item
527 2442 768 2498 humanior,
782 2441 868 2502 sed
884 2460 958 2489 nec
984 2443 1095 2491 mihi
1125 2450 1573 2514 amici0r,quisquam
1603 2452 1737 2515 deligi

172 2516 323 2577 potuit
344 2528 360 2556 .·
390 2523 454 2566 ut,
464 2511 513 2569 st
528 2526 591 2555 me
610 2510 745 2555 litera
766 2511 847 2556 illae
878 2523 960 2557 tuae
981 2510 1189 2572 offendere
1219 2515 1369 2579 aliqua
1391 2522 1560 2564 ratione
1568 2519 1736 2583 potuis}

170 2577 289 2640 fine,
311 2576 389 2624 hac
418 2594 504 2623 una
536 2589 706 2623 tantum
717 2583 956 2642 potuerint,
987 2579 1103 2645 quod
1130 2587 1312 2627 nimium
1336 2581 1537 2644 solicitus
1563 2585 1734 2633 videba-

179 2651 263 2702 ris,
281 2662 332 2691 ne
357 2644 558 2707 aliorsum
576 2645 762 2707 fortaffl
791 2651 1021 2712 accipwem
1035 2685 1048 2703 ,
1080 2648 1195 2713 quod
1222 2647 1442 2710 objeceras.
1522 2654 1606 2717 Ego
1626 2691 1638 2710 ‚
1674 2660 1735 2700 mi

143 2707 145 2709 ’
181 2713 376 2774 Leonelle,
395 2729 475 2758 non
495 2712 611 2758 modo
640 2718 713 2769 iis,
736 2713 1057 2778 quaeffhacffenus
1080 2715 1200 2762 edidi
1212 2754 1223 2773 ,
1234 2716 1320 2778 sed
1349 2718 1400 2766 ἐς
1434 2735 1525 2783 quae
1546 2719 1737 2782 seribere

181 2780 375 2850 deinceps
403 2795 538 2837 conor,
559 2779 748 2830 omnibus
767 2779 840 2830 boc
861 2782 1063 2843 testatum
1082 2785 1184 2842 vole,
1216 2783 1331 2834 nibil
1366 2786 1478 2834 mihi
1504 2788 1580 2851 effe
1603 2795 1736 2857 prius

924 2850 966 2898 G
976 2865 1045 2917 gg
1638 2862 1733 2903 veri
