2064 3115
219 179 326 245 108
541 204 581 207 *⁷
770 190 1087 232 nrs'ronu
1126 187 1292 231 vira

282 361 287 367 .
325 318 391 349 me
413 299 497 367 effi,
520 309 682 369 inquit,
697 308 970 361 Canonicum,
986 318 1098 373 puto,
1118 303 1192 352 abs
1213 305 1449 368 nefastum,
1464 309 1629 372 quando
1646 311 1758 356 illum
1780 321 1881 373 quo-

328 386 410 436 que
428 388 557 428 nunc,
582 373 630 418 id
647 370 713 434 est,
735 374 918 419 alterum
930 391 994 419 me
1010 407 1021 428 ,
1042 373 1170 436 nostro
1190 379 1324 420 coetui
1344 375 1593 441 aggregasti.
1665 380 1751 423 Non
1774 379 1881 421 enim

327 442 465 484 minus·
484 443 529 484 in
549 457 591 485 co
610 439 727 495 mihi,
748 456 872 505 quam
893 446 937 487 in
955 458 1020 487 me
1040 437 1120 508 ipfh
1138 442 1286 488 videor
1308 441 1550 504 honestatus.
1618 445 1690 499 At,
1709 444 1774 489 bis
1798 445 1881 487 Ca-

328 509 548 551 nonicum
559 505 726 553 factum
744 510 786 556 se
808 526 832 554 a
854 512 996 564 Petr0,
1018 509 1161 556 dicere
1179 514 1254 555 vix
1273 524 1460 574 poterat,
1474 509 1554 555 nisi
1576 508 1676 555 suos
1697 510 1786 573 ipse
1799 511 1880 554 ho-

327 588 458 617 nores
479 589 522 618 re
544 590 642 619 vera
663 579 702 620 ei
723 573 883 621 tulisset
904 589 1124 639 acceptos.
1191 581 1299 636 Qae
1322 577 1349 622 si
1371 575 1600 640 reputasset
1620 576 1780 632 secum,
1792 580 1881 630 vix,

327 652 377 683 ut
397 654 521 702 puto,
534 644 579 685 in
597 640 729 688 illum
744 659 972 689 MoREmus
997 641 1196 706 delapsus
1219 661 1408 690 errorem
1431 643 1590 701 fuisset,
1613 659 1661 689 ut
1681 644 1736 689 ad
1754 657 1884 688 auto-

329 722 424 753 rem
447 710 738 756 Laurentium
757 708 934 757 referret
954 711 1000 757 id
1022 709 1240 768 beneficii,
1267 715 1317 756 in
1343 727 1628 757 PoLirmnuM
1649 711 1881 764 collatum,

330 778 382 819 in
409 773 527 820 Diei.
543 779 580 823 I.
593 775 697 839 Hist.
719 778 967 844 T.I.p.367.
1036 781 1087 823 In
1119 779 1296 835 eadem,
1329 793 1376 824 ut
1402 778 1526 843 supra
1559 780 1650 825 dixi
1672 783 1720 835 ff.
1744 781 1776 824 Ι.
1798 788 1881 823 not.

330 841 449 901 (xx),
474 840 689 889 sententia
721 844 912 891 versatur
936 847 1004 891 vir
1031 843 1317 902 domminus,
1339 863 1401 894 W.
1422 864 1452 900 J.
1467 861 1692 902 cLAusms,
1717 849 1764 890 in
1778 848 1885 892 Vita

329 908 534 955 Politiani
554 912 701 975 Cap.8.
718 924 761 975 p.
787 927 853 966 22,
877 913 945 965 &‚
968 925 1016 955 ut
1049 911 1248 973 aliquam
1273 917 1406 958 errori
1437 914 1625 976 speciem
1644 911 1892 972 affingeret,

331 977 378 1018 in
399 985 483 1021 not.
506 978 570 1041 (p)
590 976 616 1022 l.
641 994 677 1022 c.
700 978 754 1023 ad
777 979 1058 1039 Epigramma
1082 978 1197 1024 illud
1220 996 1244 1024 Ρ
1259 995 1325 1025 οι.
1341 995 1417 1026 ιτι
1433 995 1547 1035 Am,
1568 981 1622 1024 de
1643 995 1733 1041 quo
1755 977 1882 1041 supra

328 1051 414 1088 not.
438 1038 521 1101 (b)
543 1042 626 1105 huj.
650 1047 701 1100 ff.
721 1045 890 1090 dictum
904 1044 975 1099 est,
1007 1061 1088 1091 ceu
1112 1045 1261 1091 testem
1282 1045 1584 1101 firmissimum,
1622 1060 1720 1091 tuto
1746 1048 1882 1091 nimis

329 1109 640 1156 &inconsulte
652 1126 884 1174 provocat.
951 1112 1036 1158 Sed
1056 1111 1207 1158 frustra
1229 1115 1302 1160 hic
1322 1117 1388 1159 vir
1411 1115 1555 1161 bonus
1579 1114 1886 1159 testimonium

327 1174 496 1238 profert
520 1180 757 1237 ejusmodi,
780 1195 833 1225 ex·
861 1195 954 1242 quo
985 1183 1115 1226 unice
1136 1195 1337 1244 apparet,
1360 1181 1605 1244 susceptum
1635 1194 1882 1226 Pourmno

326 1245 376 1287 in
399 1243 568 1305 templo
589 1248 645 1291 D.
669 1245 793 1290 Pauli
825 1243 951 1291 fuisse
975 1248 1300 1301 Sacerdotium,
1322 1250 1374 1294 de
1396 1251 1617 1294 Canonici
1639 1247 1884 1294 honoribus

325 1308 498 1372 prorsus
520 1309 637 1355 nihil
651 1311 832 1357 constat.
911 1313 1083 1370 Qidni
1105 1317 1252 1376 potius
1284 1317 1372 1360 hoc
1406 1329 1669 1376 argumento
1696 1315 1796 1360 usus
1825 1313 1883 1360 est

324 1375 510 1440 scriptor
531 1376 721 1439 diligens
745 1382 788 1426 &
810 1393 1040 1425 accuratus
1060 1381 1117 1426 ad
1136 1381 1419 1444 probandum
1439 1399 1600 1428 munus
1623 1383 1883 1439 Sacerdotii,

326 1460 419 1507 quo
445 1443 615 1491 scilicet
636 1447 796 1492 eodem
824 1449 873 1490 in
907 1445 1013 1492 loco
1045 1450 1275 1494 initiatum
1304 1448 1437 1494 refert
1464 1453 1720 1494 ANGELuM?
1752 1453 1881 1503 Sane,

324 1512 415 1558 huc
437 1510 554 1557 illud
575 1515 720 1559 valere
741 1516 958 1567 maxime,
980 1513 1084 1576 ipse,
1105 1514 1135 1560 si
1156 1518 1385 1560 veritatem
1405 1529 1540 1568 amat,
1562 1514 1770 1576 agnoscet
1789 1530 1879 1559 me-

327 1594 442 1623 cum.
465 1581 637 1626 Docere
659 1594 809 1625 autem
829 1579 919 1642 ipsa
943 1597 1047 1626 eum
1065 1585 1405 1644 Epigrammatis
1426 1596 1600 1644 poterat
1629 1580 1881 1642 inscriptio,

324 1661 423 1690 non
438 1645 519 1690 nisi
532 1646 587 1691 de
611 1646 869 1693 Sacerdotio
881 1645 1131 1691 sermonem
1144 1650 1216 1693 hic
1239 1646 1319 1692 effe
1344 1651 1486 1692 Poeta:
1509 1648 1670 1699 nostro.
1738 1650 1882 1699 Certe,

325 1729 427 1759 cum
448 1711 791 1776 splendidiffima
815 1711 949 1758 fuerit
968 1714 1160 1774 dignitas
1182 1716 1406 1759 Canonici
1420 1745 1432 1767 ‚
1451 1714 1570 1759 haud
1592 1713 1774 1776 quidem
1795 1727 1884 1757 cre·-

326 1781 402 1835 do,
425 1779 598 1826 silentio
609 1783 726 1827 hanc
757 1778 1126 1826 dissimulaturum
1148 1784 1197 1826 in
1219 1781 1351 1826 titulo
1381 1783 1721 1844 Epigrammatis
1755 1777 1882 1826 fuiffe

325 1862 718 1903 vomi-uinum,
739 1847 769 1894 si
794 1848 974 1904 eodem,
1005 1865 1097 1911 quo
1118 1848 1263 1912 ipsum
1282 1849 1611 1905 Sacerdotium,
1642 1863 1740 1895 eam
1770 1861 1881 1893 tem·

320 1931 428 1980 pore
450 1913 719 1962 obtinuisset.

211 2001 299 2066 (e)
344 2001 514 2048 Testem
538 2004 668 2063 hujus
701 2004 762 2048 rei
784 2000 1039 2064 scriptorem
1070 2001 1215 2047 habeo
1244 2016 1300 2047 ne
1330 2019 1470 2048 unum
1500 2000 1696 2064 quidem.
1755 1994 1878 2059 QJO-

323 2085 500 2131 cunque
523 2083 564 2115 te
585 2084 751 2123 vertaS,
773 2067 924 2114 frustra
954 2068 1192 2115 laborabis,
1259 2069 1386 2114 Adeo
1410 2083 1651 2114 commune
1673 2071 1882 2113 omnium

323 2137 382 2184 est
405 2135 627 2183 silentium
658 2138 711 2183 de
732 2152 799 2191 re,
830 2153 925 2199 quae
947 2152 1043 2180 non
1065 2135 1227 2180 nullius
1257 2136 1429 2199 prorsus
1459 2136 1633 2181 videtur
1661 2137 1881 2180 momenti

324 2202 421 2253 esse.
492 2206 718 2250 Praedicari
740 2207 876 2266 igitur
896 2203 997 2249 satis
1029 2206 1186 2267 nequit
1216 2204 1427 2250 industria
1447 2201 1632 2248 Abbatis
1663 2217 1877 2256 sALvmn,

322 2275 415 2334 qui,
437 2288 518 2334 pro
539 2271 748 2333 singulari
777 2272 943 2328 studio,
967 2287 1056 2333 quo
1089 2269 1278 2316 versatus
1300 2271 1358 2317 est
1386 2274 1435 2315 in
1457 2269 1724 2315 illustrandis
1752 2268 1879 2314 rebus

322 2342 502 2401 patriis,
527 2337 736 2384 curiosius
765 2337 1021 2400 conquisitis
1044 2341 1121 2391 iis,
1151 2355 1246 2400 quae
1277 2339 1333 2384 ad
1351 2337 1441 2384 fata
1467 2341 1511 2384 ὃς
1540 2354 1605 2383 res
1637 2337 1769 2398 gestas
1792 2339 1877 2381 Ca-

321 2408 593 2451 nonicorum
627 2405 745 2451 urbis
775 2404 1039 2451 Florentinae
1071 2409 1316 2469 pertinent,
1352 2422 1402 2452 ex
1436 2405 1655 2451 tabulario
1689 2406 1877 2448 civitatis

318 2472 582 2519 florentinae
611 2476 826 2537 protraxit
859 2473 1075 2537 Diploma
1107 2473 1366 2536 publicum,
1396 2487 1738 2533 ΡοιιῑξιΑΝο,
1759 2470 1875 2516 surn-

316 2557 415 2586 mos
484 2542 690 2587 Dod'toris
716 2544 826 2600 Juris
850 2543 1068 2586 Canonici
1091 2542 1284 2587 honores
1306 2539 1554 2606 capessenti,
1577 2538 1630 2583 ab
1643 2540 1872 2601 Archiepi-

317 2607 453 2672 scopo
466 2609 741 2664 Florentino,
764 2612 848 2653 ritu
861 2608 1282 2663 solenni,oblatum,
1304 2613 1481 2671 ejusque
1494 2606 1775 2670 particulam,
1801 2609 1871 2650 in-

316 2688 499 2739 terprete
525 2692 965 2733 cREsclMBENIO,
983 2693 1083 2722 cum
1101 2677 1282 2722 eruditis
1307 2677 1663 2721 communicavit.
1731 2677 1868 2733 Cujus

309 2757 413 2789 cum
436 2747 605 2810 integra
620 2744 749 2794 verba
773 2746 955 2801 eodem,
978 2762 1068 2809 quo
1090 2761 1113 2790 a
1138 2759 1415 2792 caascmn
1434 2757 1567 2789 nmo
1591 2740 1869 2855 exhibenitur,

1707 2823 1756 2854 or
1790 2824 1866 2856 ine
