2064 3115
161 345 451 430 proxima
485 343 746 424 nostriS,
808 345 911 411 vel
960 346 1297 412 vetustiora
1334 345 1534 413 tulere
1561 367 1901 438 tempora,-

162 453 227 498 et
265 438 552 524 quorum*
577 433 740 501 facta
778 436 1092 524 praeclara
1127 438 1320 524 magis
1366 436 1574 503 nostra
1609 441 1888 529 indigere

159 523 528 591 viderentur
591 529 1231 606 commemoratione,
1300 528 1576 594 virorum
1637 528 1889 596 deseen-

161 613 452 679 deremus
509 614 863 702 sepulchra,
931 635 995 681 et
1047 616 1226 683 sacris
1287 617 1536 684 illorum
1604 619 1887 687 manibus

161 703 470 793 quaedam
499 726 881 793 poneremus
925 726 1373 786 monumenta,
1422 727 1556 788 aut,
1591 710 1888 799 neglecto

155 795 345 882 plane
383 793 512 860 hoc
550 795 902 884 scriptionis
940 820 1201 884 genere,
1229 796 1406 888 quod
1433 798 1700 888 publici,
1729 800 1887 883 sunt,

157 884 267 974 qui
305 905 571 972 negant,
612 886 845 974 saporis
877 887 1024 970 este,
1075 890 1138 953 in
1187 889 1311 955 alio
1351 889 1607 980 quoviS‚
1664 913 1742 955 ex
1779 914 1888 956 cu-

156 973 251 1060 jus
329 977 704 1063 cognitione
761 977 994 1068 aliquis
1049 978 1127 1045 ad
1191 980 1464 1046 lectores
1536 979 1889 1047 redundare

155 1062 397 1131 fructus
428 1063 662 1155 posset,
688 1086 1062 1156 argumento
1110 1069 1556 1158 pertractando
1605 1070 1888 1137 laborem

155 1174 537 1246 tempusque
583 1157 863 1225 nostrum
921 1159 1447 1228 consumeremus.
1571 1163 1732 1246 Qi,
1770 1161 1888 1228 viri

152 1245 310 1312 boni
338 1250 744 1339 ceteroquin,
783 1249 940 1316 sicut
973 1251 1103 1316 hoc
1134 1251 1266 1340 ipso
1294 1251 1430 1319 satis
1456 1250 1911 1334 declarabunt,

153 1358 345 1425 quam
383 1337 877 1426 parumqaddicti
914 1340 1033 1406 fint
1070 1341 1552 1419 rebus-nostris,
1600 1345 1706 1420 ita,
1733 1357 1891 1406 tunc

151 1427 408 1494 demum
428 1427 765 1517 benignius
793 1430 1180 1513 judicaturos
1207 1431 1287 1496 de
1322 1430 1606 1496 instituto
1645 1429 1883 1509 nostr0‚

151 1516 495 1605 speramUS,
522 1519 596 1599 fi,
635 1519 814 1608 quod
843 1519 1113 1600 dabunt,
1152 1521 1414 1609 opinor,
1454 1519 1743 1608 precibus
1769 1542 1909 1585 now

151 1608 318 1688 striS,
345 1608 515 1675 nulla
540 1607 740 1690 rubri,
775 1609 954 1700 quod
992 1609 1281 1676 dedimus
1309 1609 1524 1676 libello
1563 1611 1742 1690 huie,
1778 1610 1884 1676 ha-

151 1698 281 1766 bita
303 1701 571 1780 ratione,
602 1700 873 1791 aliquam
898 1702 1211 1790 temporis
1229 1701 1596 1790 particulam
1622 1700 1886 1767 lectioni

154 1789 401 1879 opellae
428 1789 675 1857 nostrae
700 1791 1088 1878 impendere,
1115 1814 1406 1883 quaeque
1433 1814 1551 1858 nos
1582 1787 1887 1880 congeffi-

155 1880 411 1948 musde
425 1882 560 1946 vita
577 1932 596 1962 ,
616 1880 912 1949 moribus
928 1933 945 1963 ‚
991 1881 1315 1969 doctrina,
1336 1881 1718 1974 scriptisque
1743 1880 1889 1948 PO-

154 1970 563 2054 LITIANJ,
591 1972 987 2040 contendere
1014 1997 1159 2039 cum
1188 1974 1261 2039 iis
1275 1977 1478 2064 ,ssq'uae
1503 1997 1536 2039 a
1561 1973 1887 2041 Triumvi-

155 2062 234 2128 ris
261 2062 377 2130 illis
412 2064 754 2130 memoriae
790 2061 931 2151 sunt
966 2063 1249 2154 prodita,
1283 2063 1449 2149 haud
1473 2063 1720 2131 suerint
1755 2082 1887 2148 gra-

153 2154 299 2218 vatii
391 2154 753 2242 Intelligent
779 2152 1108 2244 p-rofectO,
1156 2177 1292 2219 non
1320 2155 1422 2234 ita,
1452 2175 1613 2244 quae
1640 2152 1717 2219 de
1756 2152 1888 2217 hoc

156 2245 682 2331 argumento,.dici
708 2264 1023 2333 poterant,
1040 2244 1332 2312 exhausta
1345 2245 1508 2329 io'lim
1533 2233 1709 2309 'fuiffe
1736 2264 1769 2306 a
1797 2242 1887 2307 vi-
1909 2270 1912 2274 ¹

156 2334 236 2400 ris
265 2332 734 2422 diligentiffimis
751 2335 1017 2424 singula,-
1041 2353 1111 2402 ut
1135 2330 1498 2407 nonssafferri
1525 2332 1769 2398 a²nobis
1795 2343 1884 2394 ta-

156 2424 234 2490 lia
267 2426 628 2514 potuerint,
675 2449 948 2518 quorum
986 2425 1153 2493 nulla
1190 2422 1439 2515 prorsus
1476 2419 1739 2520 factauab
1765 2418 1881 2485 illis

158 2513 356 2582 fuerat
383 2518 835 2599 mentiofnon
874 2517 957 2584 ita
993 2517 1205 2582 omnia
1239 2510 1772 2613 emendate-dicta
1815 2528 1883 2575 et

157 2606 646 2698 circumspecte,
670 2609 916 2678 nonita
943 2607 1186 2676 solicite
1221 2607 1482 2676 aliorum
1505 2603 1880 2758 fcnlptortfim

219 2745 223 2747 .
852 2717 859 2729 ¹
1705 2714 1776 2760 ca
1831 2713 1880 2755 i·-
