1960 3135
151 224 248 271 600
451 290 454 292 -
648 226 1058 291 Ηῐετοκῐᾼ
1134 227 1336 267 Vt‘rffi

263 356 435 398 turiam
458 348 844 410 Miscellaneorunz,
882 376 920 383 -
954 376 995 383 —
1030 348 1082 397 &²
1114 350 1208 395 alia
1249 350 1600 413 quamplurima,
1635 365 1688 394 ex
1718 355 1817 414 qui-

262 418 340 467 bus
360 419 431 466 vel
446 430 613 464 centum
623 418 776 479 facere
799 421 1030 463 Centurias
1047 416 1270 480 potuiffi=t‚
1293 415 1588 477 habutffimus.
1623 417 1820 462 Prodiis-

248 485 358 548 fint
372 486 423 535 Εἴ
433 486 510 531 illa
532 490 580 530 sn
589 483 826 550 publicum,
839 485 1073 550 profutura
1095 481 1349 536 hominibus,
1367 501 1472 550 quae,
1485 495 1535 528 ut
1554 480 1698 534 audio,
1721 489 1817 547 qui-

261 556 368 603 dam
395 554 622 600 Florentiae
645 553 873 609 occultam,
896 564 947 597 ut
980 552 1115 598 edant
1134 564 1219 615 pro
1239 550 1355 612 βω,
1372 550 1456 610 sed
1471 550 1602 610 stulte
1627 550 1818 614 quidem.

261 626 379 670 Nam
395 620 448 666 id
461 620 737 685 profecerint,
750 633 814 675 ut,
822 622 869 678 st
883 617 1087 684 quidipfi
1112 633 1304 684 unquam
1317 617 1497 682 dtgnum
1506 617 1626 678 scitu
1647 625 1820 664 invene·

262 696 376 743 rint,
389 687 707 753 ediderintque,
718 694 858 752 magis
870 687 1244 751 Politiani,‘quam
1258 702 1415 739 eorum,
1430 686 1518 746 effe,
1531 683 1646 730 dobin·
1658 702 1815 739 omnes,

263 762 344 823 qui
363 755 581 821 steppreffiz
611 773 741 823 quam
770 756 964 817 plurima
997 754 1218 799 Politiani
1238 754 1313 813 eſje
1345 768 1471 818 opera
1491 772 1519 800 a
1542 752 1832 818 quibusdam,

261 840 364 890 quos
377 827 535 870 alienis
550 829 704 889 pennis
728 822 780 884 se
803 824 949 868 valere
971 822 1089 868 nihil
1097 820 1246 885 pudet,
1261 819 1411 866 obnixe
1432 820 1694 868 contendent.
1733 821 1821 884 Qi

259 890 424 941 fuerint
447 889 632 936 latrones
652 888 717 936 illi
740 889 931 941 merarii,
956 891 1024 932 vix
1047 885 1306 932 divinatione
1325 883 1565 952 affequare5
1619 884 1742 933 fuisse
1760 899 1820 933 ta·

261 975 367 1007 men
398 960 511 1004 viros
537 955 738 1021 dignitate
770 955 947 1002 illustres
961 990 975 1008 ,
1009 957 1054 1000 ὅ(
1085 952 1256 1017 prorsus
1294 970 1318 999 B
1338 972 1370 1001 A
1389 973 1416 1001 R
1433 975 1463 1002 T
1480 974 1510 1001 H
1531 972 1559 1002 o
1579 973 1603 1002 L
1623 972 1651 1011 9
1669 973 1705 1001 M
1724 974 1760 1001 AE
1786 973 1814 1003 ο

266 1045 287 1075 s
304 1042 329 1072 c
347 1044 379 1072 A
399 1044 424 1072 L
439 1043 477 1071 pr„
503 1024 675 1078 similes,
700 1022 823 1068 facile
846 1039 897 1068 ex
920 1021 1002 1067 illis
1043 1039 1068 1069 c
1087 1039 1115 1068 R
1135 1039 1151 1066 1
1177 1039 1209 1066 N
1231 1039 1245 1066 1
1266 1038 1296 1067 Τ
1315 1039 1330 1066 1
1371 1025 1415 1066 in
1443 1023 1568 1087 Epast.
1591 1029 1665 1068 cit.
1687 1025 1819 1084 conji-
1867 1051 1869 1055 ι

265 1096 374 1139 cias:
412 1095 510 1138 Erit
519 1091 670 1153 satius
684 1092 879 1157 aliquam
900 1091 1016 1136 velut
1041 1104 1189 1136 notam
1213 1102 1431 1143 retexere,
1453 1104 1502 1136 ut
1525 1107 1579 1135 ex
1594 1096 1652 1136 iis
1675 1095 1726 1140 ὅ
1748 1108 1820 1137 re·-

263 1178 364 1210 rum
373 1160 563 1221 jactura
585 1159 893 1218 consideretur,
929 1175 978 1204 ac
994 1158 1132 1220 furta
1161 1159 1437 1223 quorundam
1471 1157 1729 1222 deprehendi
1740 1160 1822 1221 fa-

265 1229 393 1275 cilius
407 1226 572 1293 pofflnt‚
584 1229 631 1285 si
646 1227 728 1286 haec
750 1225 1015 1292 aliquando,
1036 1229 1117 1291 qui
1137 1232 1278 1289 togati
1304 1223 1600 1280 obambulant,
1625 1239 1702 1290 pro
1720 1225 1822 1288 ficis

265 1296 527 1362 deproment.
574 1282 745 1340 Eoru'm
767 1308 813 1340 ut
837 1291 1039 1357 perversis
1074 1291 1256 1338 consiliis
1280 1293 1451 1338 obicem
1484 1305 1664 1356 poneret
1702 1311 1767 1341 CR
1784 1310 1823 1341 1·

267 1379 333 1410 Nl
352 1379 384 1409 Τ
403 1379 432 1408 U
457 1380 476 1409 s
497 1398 511 1416 ‚
547 1379 625 1408 nec
643 1360 985 1420 auderet-alienis
1010 1359 1169 1424 plumis
1194 1373 1366 1406 ornatus
1398 1377 1528 1424 rapax
1561 1360 1708 1426 aliquis
1731 1361 1822 1409 vul·
1858 1357 1865 1362 ⁶

266 1443 337 1477 tur
360 1430 549 1495 prodire,
576 1430 681 1476 binis
704 1427 793 1496 ipse
815 1429 1020 1496 Epistolis,
1043 1425 1095 1473 ad
1126 1424 1263 1474 seram
1297 1427 1587 1491 posteritatem
1615 1433 1818 1486 venturiS,

268 1514 675 1547 ALEXANDRO
719 1514 981 1551 SARTm,
1005 1501 1047 1542 &
1072 1493 1390 1549 suo,&1³ot1
1414 1499 1819 1552 T1AN1‚amico‚

265 1563 434 1612 summa
471 1571 680 1613 Centuriae
712 1565 906 1628 secunda
951 1575 1226 1626 argumenta,
1257 1576 1328 1608 aut
1371 1581 1421 1609 ex
1462 1561 1621 1610 schedis
1661 1581 1683 1609 P
1701 1581 1729 1609 o
1745 1582 1768 1610 L
1786 1584 1822 1612 1-

273 1648 306 1680 Τ
325 1652 340 1680 1
359 1652 392 1681 A
415 1651 447 1680 Ν
463 1650 480 1681 1
516 1633 709 1687 colleiia,
730 1645 800 1679 aut
826 1632 934 1678 olim
963 1648 1012 1677 ex
1034 1629 1158 1693 ipsius
1182 1647 1260 1675 ore
1280 1643 1450 1693 accepta
1465 1666 1480 1684 ‚
1514 1630 1729 1684 indicavit,
1751 1648 1822 1678 au.

266 1713 438 1767 torque,
463 1714 507 1747 ut
530 1700 723 1758 videtur,
755 1699 908 1746 exstitit
932 1697 1073 1745 eidem
1100 1714 1138 1744 .s
1156 1714 1189 1744 A
1206 1715 1234 1744 R
1252 1716 1283 1744 T
1301 1716 1316 1742 1
1338 1714 1365 1743 o
1391 1733 1404 1751 ,
1449 1710 1495 1743 ut
1526 1696 1621 1762 ipfis
1657 1716 1679 1744 P
1696 1716 1724 1745 o
1741 1716 1764 1746 L
1781 1720 1823 1747 1-

273 1786 307 1816 T
325 1790 341 1818 1
358 1788 390 1816 A
409 1787 440 1815 N
459 1788 474 1814 1
517 1766 677 1832 scriptis
699 1767 910 1828 adjund'tas
944 1767 1017 1811 has
1048 1766 1264 1831 Epssolas‚
1289 1762 1433 1811 veni're
1465 1768 1508 1811 in
1530 1768 1729 1813 notitiam
1750 1784 1824 1815 eo·

266 1855 368 1884 rum
390 1840 605 1890 omnium,
630 1837 705 1900 (μὴ
723 1835 848 1881 famae
886 1831 910 1881 r
928 1852 955 1881 o
973 1852 996 1879 L
1014 1852 1026 1880 1
1050 1850 1080 1878 T
1103 1851 1118 1878 1
1139 1852 1168 1879 A
1184 1850 1218 1877 N
1237 1851 1252 1877 1
1295 1832 1400 1878 bene
1421 1835 1822 1896 cuperent‚juberet.

268 1906 483 1953 Futuru'vn
505 1906 620 1948 enim
646 1903 831 1966 putabat,
852 1901 872 1960 (
883 1898 975 1947 sunt
997 1901 1121 1945 verba
1145 1904 1231 1959 ejus
1267 1901 1311 1944 in
1347 1899 1474 1945 altera
1509 1899 1825 1967 Epistolarum)

267 1985 319 2018 ut
340 1988 394 2016 ex
416 1987 564 2016 rerum
574 1969 738 2031 saltem
762 1969 943 2015 indiciis
964 1969 1153 2029 facilius
1181 1967 1275 2025 estis
1303 1969 1540 2032 plagiariis
1567 1968 1709 2032 pudor
1743 1976 1825 2018 im.

258 2052 510 2106 poneretur,
524 2039 572 2096 st
588 2037 762 2102 quando
783 2036 899 2082 talia
914 2050 994 2101 pro
999 2033 1098 2096 ficis
1108 2037 1200 2094 sint
1222 2035 1397 2082 edituri.
1434 2034 1576 2097 Habes
1601 2048 1826 2103 utramque
1849 2058 1855 2061 ·

268 2104 400 2154 Libro
425 2109 507 2152 XII
532 2105 810 2170 Epaestolarum
844 2121 867 2149 P
887 2121 914 2149 0
937 2121 962 2149 L
986 2121 1001 2148 1
1020 2119 1053 2147 Τ
1071 2121 1085 2147 1
1106 2120 1138 2148 A
1158 2120 1190 2147 N
1208 2121 1251 2154 1,
1286 2102 1475 2157 abunde,
1497 2121 1625 2168 quam
1657 2104 1826 2168 lachry-

270 2173 475 2221 mabilem
497 2175 581 2218 hoe
606 2190 740 2236 opere
761 2171 967 2235 jatsturam
991 2169 1169 2216 fecerint
1191 2169 1338 2227 literae,
1362 2170 1595 2219 testantem.
1652 2173 1824 2221 Emoda·
1887 2184 1896 2196 '

272 2253 389 2288 verat
426 2242 495 2287 hie
534 2259 555 2288 P
573 2258 601 2287 ο
624 2259 647 2286 L
672 2259 685 2286 1
710 2258 741 2286 ‘r
763 2259 778 2286 1
797 2259 828 2287 A
845 2259 878 2286 N
898 2258 925 2285 u
947 2257 966 2286 s
1006 2236 1321 2302 impeditiffixpa
1355 2253 1550 2286 veterum
1581 2242 1826 2299 Autorum,

269 2312 462 2358 maxime
519 2309 773 2354 Latinorum
795 2344 808 2362 ‚
856 2312 901 2355 &
942 2311 985 2353 in
1022 2307 1144 2352 hisp
1162 2326 1184 2352 L
1207 2324 1223 2351 1
1242 2325 1273 2353 N
1298 2325 1313 2352 1
1332 2327 1346 2353 1
1383 2311 1427 2354 ὅ(
1477 2325 1495 2354 s
1512 2326 1543 2354 υ
1561 2327 1585 2355 E
1603 2328 1633 2356 T
1652 2327 1681 2355 ο
1699 2329 1728 2357 N
1747 2331 1761 2358 1
1782 2329 1797 2357 1
1815 2350 1826 2362 .

271 2375 390 2431 loca,
428 2378 593 2440 hisque,
631 2373 1028 2436 Manuscriptorum
1064 2377 1224 2438 partim
1269 2374 1467 2421 codicum
1487 2413 1500 2432 ‚
1537 2380 1696 2441 partim
1739 2382 1825 2426 cri-

271 2448 364 2491 ticae
394 2447 772 2508 interpretationis,
793 2461 894 2508 ope,
911 2443 1051 2490 lucem
1084 2441 1272 2490 accendit
1296 2442 1581 2491 cla-immam.
1651 2447 1826 2493 Praetcr-

271 2530 320 2560 ea
356 2515 400 2558 in
435 2510 530 2576 ipsss
565 2515 676 2569 juris
722 2512 882 2566 civilis,
925 2517 969 2559 ὅ(
1008 2522 1199 2558 veterum
1252 2510 1618 2576 Philosophorum
1634 2552 1648 2569 ,
1708 2514 1822 2561 libris

270 2579 464 2647 quaed-:zm
488 2598 638 2644 parum
660 2583 805 2627 ceteris
829 2579 1033 2625 intelleffta
1056 2591 1341 2625 annotaverat.
1408 2584 1518 2627 Rem
1554 2594 1716 2646 gratam
1743 2583 1824 2638 his,

270 2653 343 2715 qui
366 2652 426 2694 rei
448 2648 641 2695 literaria:
664 2648 756 2694 sunt
784 2646 969 2701 studiofi,
994 2646 1176 2693 facturus
1202 2646 1377 2702 videor,
1413 2648 1442 2695 ss
1471 2646 1553 2712 ipsa
1588 2666 1734 2695 rerum
1758 2667 1824 2696 ar-

270 2729 490 2781 gumenta,
519 2734 543 2766 a
582 2735 603 2768 r
622 2735 650 2768 0
671 2735 695 2767 1.
714 2735 732 2767 1
747 2736 777 2769 :r
794 2734 810 2766 1
825 2733 860 2767 Λ
881 2734 912 2765 N
931 2733 959 2765 ο
995 2717 1274 2783 pertrastata,
1308 2728 1444 2781 prout
1476 2734 1499 2764 a
1534 2732 1561 2765 c
1576 2733 1605 2767 a
1621 2735 1634 2765 1
1653 2735 1685 2764 N
1706 2737 1720 2765 1
1742 2735 1772 2764 Τ
1789 2736 1820 2766 ο

1036 2818 1037 2821 =
1744 2802 1824 2852 per
