2064 3115
290 249 1372 302 ANGELIAMBROGINIPOL1T1AN1.
1620 234 1698 309 69

146 361 360 407 tiunculis
384 359 501 423 quasi
525 356 773 404 demulcere
792 394 804 411 ,
829 359 873 401 ὃς
897 357 949 401 ad
976 354 1195 401 audienda
1216 352 1430 399 severiora
1455 350 1629 397 soleant
1652 349 1716 395 ef-

100 464 104 467 ·
147 429 274 474 ficere
298 429 545 473 alacriores,
580 441 634 476 ΙΛ
652 439 693 469 c.
717 438 783 468 ΕΑ
801 439 828 466 D
846 439 872 466 D
889 439 902 466 1
916 439 943 466 u
959 438 975 466 s
989 453 1001 475 ,
1025 425 1203 482 integrae
1227 419 1410 482 scriptor
1430 417 1556 477 fidei!²
1578 413 1712 477 disbr-

147 508 202 550 το,
224 507 395 562 arguto,
428 490 652 554 vividoquc
673 489 789 535 modo
809 488 938 534 usum
971 487 1097 534 fuiffe
1130 505 1155 533 Ρ
1170 504 1197 532 o
1211 502 1410 534 L1T1AN
1427 502 1453 530 u
1468 502 1506 530 M
1543 489 1709 531 Graecas

148 565 402 626 Latinasque
420 561 564 604 literas
585 573 639 602 ex
660 555 867 602 cathedra
889 554 1072 609 docendi,
1087 556 1196 602 dicit
1216 559 1263 600 in
1278 556 1482 619 Scriptoru
1492 569 1572 599 non
1591 550 1704 598 Eccl.

152 632 201 677 P.
218 633 322 694 ILp,
337 640 412 684 135,
434 629 556 685 cujus
588 625 818 685 judicium,
853 637 1006 686 utpote
1027 624 1083 668 ad
1103 639 1286 668 omnem
1308 625 1558 684 :equitatem
1585 634 1707 662 corn-

151 696 355 760 pofitum,
374 693 505 738 nobis
526 695 599 738 hic
622 692 734 737 adeo
761 706 923 737 temere
945 690 1264 751 negligendum
1282 705 1379 732 non
1402 688 1474 734 est.
1539 689 1704 732 Tantas

150 767 284 822 igitur
304 777 328 805 P
341 777 369 805 0
384 776 409 804 L
424 778 438 805 1
452 776 478 806 τ
495 775 543 806 [Α
558 774 615 804 Nl
638 772 758 821 patet
789 775 872 822 prae
920 775 948 802 n
966 773 1038 802 EM
1052 774 1077 801 E
1091 773 1117 801 T
1132 772 1156 801 R
1172 771 1183 800 1
1199 771 1227 799 o
1250 758 1298 799 in
1323 754 1528 800 docendo
1551 768 1709 814 praero-

148 832 317 890 gativas
341 823 482 883 fuisse,
503 840 553 871 ut
579 825 717 871 nullis
737 832 939 889 praeterea
962 824 1150 877 artibus,
1192 820 1331 866 nullis
1353 820 1570 866 cuniculis
1592 834 1705 881 opus

153 900 192 943 ei
239 893 373 941 fuerit
406 895 463 940 ad
501 893 836 955 infringendam
882 909 909 938 D
926 906 1160 938 Eme-rim
1206 889 1325 953 apud
1360 888 1583 933 auditores
1615 889 1704 929 exi-

151 964 466 1009 stimationem.
570 962 818 1025 Exploratis
850 963 1133 1022 cognitisque
1166 962 1394 1019 utriusque
1426 959 1474 1000 in
1498 952 1704 999 docendo

152 1030 412 1086 virtutibus,
453 1024 609 1092 sponte
652 1028 725 1074 sua
760 1029 815 1074 ad
848 1044 912 1073 Po
929 1042 1252 1079 LITlANUM‚
1298 1024 1434 1084 longe
1471 1021 1554 1067 illo
1580 1020 1706 1083 supe·

151 1101 314 1142 riorem
337 1130 349 1151 ,
396 1096 612 1141 confluxit
651 1099 857 1156 juventus
894 1096 1146 1141 Florentina
1161 1125 1173 1147 ,
1223 1097 1269 1139 δε
1311 1088 1587 1136 auditoribus
1631 1088 1704 1132 de-

151 1165 322 1211 stitutus
348 1180 630 1218 DEMETRms,
671 1160 837 1209 necesse
853 1161 954 1217 fuit,
984 1161 1207 1208 abdicaret
1224 1159 1375 1213 se,cui
1406 1153 1576 1221 praeesse
1610 1169 1709 1200 non

151 1246 339 1296 poterat,
361 1248 559 1279 munere.
624 1247 726 1276 VAR
742 1248 756 1275 1
772 1246 796 1275 L
811 1245 871 1276 LA
885 1247 901 1275 s
916 1247 926 1274 ι
942 1246 970 1276 o
993 1231 1019 1274 l.
1046 1246 1082 1274 c.
1096 1243 1144 1294 p.
1165 1234 1245 1281 180,
1264 1226 1428 1279 nescio,
1442 1224 1561 1269 unde
1583 1238 1709 1267 com-

152 1314 325 1362 pertum
358 1298 512 1358 fue-rit,
553 1297 728 1345 causam
752 1314 779 1342 D
796 1312 1036 1342 EMETRII
1080 1296 1193 1340 adeo
1216 1309 1324 1338 curae
1348 1293 1561 1353 cordique
1582 1286 1710 1334 fuisse

158 1368 421 1417 Laurentio,
459 1379 508 1409 ut
532 1365 586 1410 de
607 1363 882 1409 auditoribus
905 1362 994 1426 ipse
1015 1365 1054 1407 ei
1076 1358 1403 1423 diligentiffime
1425 1356 1710 1421 prospexerit,

156 1436 201 1478 ὃς
234 1449 257 1476 Ρ
272 1448 299 1475 o
313 1446 338 1475 L
353 1449 366 1475 1
379 1447 429 1475 rt
444 1446 469 1475 A
485 1447 517 1475 N
531 1448 558 1475 o
572 1463 583 1483 ‚
619 1448 677 1475 ne
697 1444 895 1492 pergeret
926 1427 1142 1475 hostiliter
1165 1429 1277 1473 adeo
1301 1425 1502 1471 insedtari
1537 1439 1599 1468 DE
1612 1439 1650 1467 M
1663 1438 1709 1466 Ε-

155 1514 181 1542 'r
196 1513 217 1541 a
234 1515 247 1541 1
263 1514 288 1540 u
302 1513 362 1551 M,
391 1496 540 1540 severa
564 1496 661 1556 lege
688 1496 977 1540 interdixerit.
1025 1493 1163 1539 Conf.
1182 1510 1206 1538 B
1220 1507 1296 1537 ΕΙ,
1312 1507 1393 1536 lus
1427 1492 1455 1535 Ι.
1481 1508 1514 1536 c.
1547 1492 1597 1537 T.
1620 1491 1710 1533 ΙΙΙ.

146 1579 188 1630 p-
206 1579 352 1621 2341-71
385 1563 444 1609 I).
514 1563 648 1621 Qafi
675 1577 783 1610 vero
805 1561 1022 1608 hostiliter
1043 1577 1243 1623 unquam
1265 1575 1293 1604 D
1309 1574 1458 1604 EMET
1474 1572 1566 1601 Riu
1581 1572 1619 1600 M
1639 1559 1710 1598 in-

155 1630 338 1676 seciatus
362 1629 411 1674 sit
432 1646 454 1674 Ρ
469 1646 495 1674 o
510 1645 754 1676 Lirranu
770 1647 810 1683 s,
835 1643 884 1674 ut
906 1631 991 1675 hac
1012 1628 1108 1690 lege
1130 1644 1241 1692 opus
1263 1625 1412 1673 fuerit.>
1477 1627 1715 1669 Tentatam

157 1703 292 1743 etiam
312 1698 464 1760 saepius
479 1730 490 1745 ‚
527 1698 646 1743 idem
667 1698 850 1761 scriptor
870 1695 972 1741 ibid.
992 1695 1146 1750 refert,
1180 1713 1201 1740 a
1225 1695 1467 1739 Laurentio
1486 1695 1712 1751 utriusque

157 1765 550 1819 conciliationem,
594 1764 666 1811 sed
687 1764 838 1810 frustra
874 1764 1030 1828 plane3
1082 1766 1128 1810 ὃς
1165 1763 1373 1808 εᾶωὲὶυηι
1399 1759 1476 1806 suo
1503 1756 1713 1820 exemplo

121 1852 123 1854 ·
156 1835 443 1877 Laurentium
461 1864 472 1886 ‚
512 1831 688 1878 facilius
721 1837 875 1896 paceni
927 1832 1019 1877 dari
1050 1829 1186 1876 Italiae
1204 1862 1216 1884 ‚
1271 1845 1403 1892 quam
1436 1827 1554 1872 binis
1583 1840 1635 1870 ex
1659 1823 1714 1868 Ii-

153 1913 397 1945 teratorum
420 1900 547 1945 turba
568 1903 786 1945 acerrimis
810 1898 1020 1947 hostibus.
1070 1902 1230 1960 Neque
1252 1898 1297 1942 id
1319 1894 1522 1959 profetsto
1548 1896 1711 1938 mirum

151 1969 292 2014 videri
315 1967 467 2030 potest,
490 1967 547 2013 ob
572 1966 891 2013 acerbiffimum
916 1980 1129 2012 Dtmrmx
1154 1964 1373 2017 dolorem,
1403 1978 1535 2024 quem
1557 1959 1713 2004 attule-

146 2049 214 2077 rat
236 2039 275 2077 ei
290 2038 502 2092 juvenum
515 2049 765 2079 contemtus
778 2038 823 2080 δε
836 2034 1088 2078 auditorum
1101 2035 1314 2094 paucitas,
1327 2034 1403 2091 qui
1426 2029 1533 2073 sicut
1553 2027 1711 2089 sponte

147 2097 219 2142 sua
236 2101 279 2143 ὅ(
295 2098 497 2141 volentes
512 2103 599 2157 ejus
615 2100 910 2143 subtraxerant
923 2099 964 2144 se
975 2099 1266 2149 institutioni,
1277 2100 1336 2140 ita
1351 2111 1433 2140 nec
1446 2097 1575 2138 inviti
1589 2094 1712 2145 huic,

154 2162 249 2226 ipso
269 2168 557 2225 quantumvis
578 2162 842 2226 fiiffragante
862 2179 1122 2217 roLirmNo,
1142 2164 1266 2208 reddi
1289 2159 1407 2225 poffe
1430 2160 1709 2206 videbantur.

149 2232 309 2277 Divisit
321 2234 467 2291 igitur,
480 2245 526 2275 ut
541 2231 778 2277 aemulandi
790 2235 1019 2276 materiam
1031 2231 1222 2284 tolleret,
1235 2243 1417 2274 munera
1434 2230 1713 2279 Laurentius,

151 2298 260 2344 ficut
280 2302 341 2343 ait
361 2314 510 2349 Jovms
533 2299 607 2345 Le.
629 2300 711 2344 Sed
734 2299 963 2362 quomodo
987 2297 1156 2343 divifit?
1187 2297 1315 2355 Quid.
1333 2297 1527 2340 muneris
1550 2298 1711 2355 cuique

153 2368 368 2427 contigit?
407 2369 476 2410 De
501 2382 552 2410 eo
579 2379 692 2411 tacet
716 2382 936 2421 Jovxus,
961 2369 1109 2411 minus
1132 2368 1179 2409 in
1204 2381 1257 2410 eo
1280 2377 1480 2409 accurate
1502 2362 1716 2408 Historici

147 2432 402 2496 perfunaus
415 2433 621 2495 partibus.
655 2435 776 2479 Idem
798 2450 848 2479 ex
869 2437 931 2492 Jo
943 2449 995 2479 vr
1010 2450 1037 2480 o
1073 2436 1230 2496 repetit
1253 2449 1276 2477 B
1290 2449 1318 2477 u
1331 2447 1391 2477 ιι,
1404 2447 1431 2476 A
1445 2447 1472 2476 R
1485 2447 1512 2476 τ
1525 2447 1552 2474 u
1566 2447 1582 2474 s
1605 2429 1627 2474 l.
1642 2446 1677 2473 c.
1691 2445 1709 2478 3

147 2516 231 2547 nec
257 2500 443 2545 meliora
468 2501 573 2546 inde
596 2501 812 2546 discimus.
847 2517 1042 2548 Ροιιτι
1058 2518 1080 2547 A
1095 2517 1185 2555 ΝΟ,
1211 2500 1395 2546 dubium
1416 2514 1512 2542 non
1535 2497 1710 2552 est,ces-

146 2565 235 2613 siss‘e
256 2569 557 2630 provinciam,
581 2569 633 2614 de
655 2586 738 2631 qua
761 2568 1048 2633 disceptatum
1079 2567 1223 2615 fuerat
1243 2585 1257 2619 ς
1289 2566 1369 2612 nisi
1393 2567 1536 2612 dicere
1562 2563 1708 2616 malis,

149 2633 303 2680 ceffiffe
323 2638 565 2698 provinciae
597 2638 725 2697 hujus
746 2651 914 2701 partem
935 2636 1104 2691 saltim,
1126 2635 1401 2697 alteramque
1421 2633 1535 2680 hosti
1565 2647 1710 2678 DEME·

147 2717 274 2751 τωο.
334 2699 468 2750 Fuisse
490 2706 610 2749 enim
632 2705 754 2751 hunc
777 2721 901 2753 anno
924 2705 1068 2752 adhuc
1092 2720 1190 2766 1491
1213 2707 1262 2750 in
1282 2701 1434 2751 schola
1456 2700 1714 2748 Florentina

1050 2775 1089 2820 K
1123 2788 1142 2831 3
1604 2769 1708 2813 Pro-
