2064 3115
243 249 552 289 ANGELI
627 246 1102 288 AMBROGINI
1165 245 1644 293 ,P'OLITIANL
1715 250 1783 294 141

204 367 343 415 ¹vebat
368 386 457 416 non
484 367 570 416 fine
590 384 745 432 magna
769 371 960 414 nominis
984 362 1315 423 existimatione,
1351 367 1778 435 &no‘mniumsmaxi-

220 450 293 482 me
315 435 492 484 idoneus
515 435 744 500 putabatur
769 451 792 480 a
816 451 1146 489 rou'mANo,
1162 435 1212 482 ad
1233 435 1456 488 ferendam
1480 437 1533 484 de
1563 438 1777 483 laboribus

219 505 283 550 his
299 501 380 551 suis
404 502 663 551 sententiam.
685 503 803 549 Fecit
824 501 867 549 id
888 503 1049 550 Noster
1069 507 1114 550 in
1136 503 1269 552 literis
1291 503 1343 552 ad
1370 522 1608 558 connum,
1626 504 1777 554 Liby.

219 574 289 638 Ep.
312 591 348 631 7.
416 567 650 634 Respondit
673 572 713 616 ei
739 569 871 618 literis
892 569 1033 618 statim
1057 569 1397 638 subsequentibus
1433 591 1458 622 c
1475 590 1505 622 0
1521 591 1549 622 n
1566 591 1639 620 ιω
1654 591 1694 628 S,
1730 576 1778 620 ἅ.

221 637 276 686 de
294 644 633 706 Epigrammatis
652 640 718 684 his
742 651 830 687 tam
856 636 977 685 sensit
998 639 1258 698 honorifice,
1296 652 1342 687 ut
1363 644 1498 688 Graeci
1518 641 1776 703 facundiſjt‘-

218 712 284 755 mi
312 703 461 760 'laudes
486 721 542 752 eo
577 709 758 753 nomine
786 706 974 752 tribuere
1012 723 1036 752 P
1055 724 1083 754 0
1106 725 1130 752 L
1151 725 1166 753 1
1185 726 1215 754 T
1235 725 1250 753 1
1270 724 1299 754 A
1318 726 1352 754 N
1373 725 1403 754 o
1443 725 1533 754 non
1561 705 1777 755 dubitave-

208 776 284 834 κτίΐ.
354 771 500 828 Addit,
518 789 671 821 omnes
704 770 835 821 ineffe
863 772 947 820 illis
979 775 1119 820 Graeci
1148 770 1358 821 sermonis
1392 773 1564 838 lepores
1582 808 1596 829 ,
1620 789 1776 840 partes

215 842 376 888 multas
395 855 495 907 apte
517 842 781 896 cohaerentes,
791 842 1119 908 frequentiores
1146 842 1361 907 Δαέξγίω,
1397 845 1567 906 parcius
1602 839 1778 906 usurpa-

215 918 257 952 ta
284 910 330 954 in
353 910 630 957 Hexametris
665 909 792 956 verba
821 908 1027 975 longiora
1061 907 1273 975 nimisque
1311 907 1503 963 extensa,
1526 908 1778 972 sententias

216 986 362 1023 autem
376 978 565 1039 fortaffe
590 983 860 1043 argutiores,
893 994 1023 1042 quam
1043 981 1088 1024 in
1115 974 1535 1043 Graecispriscorum
1557 978 1777 1023 Autorum

216 1044 552 1092 animadvertere
578 1045 701 1093 liceat
730 1048 1005 1096 carminibus.
1039 1044 1201 1092 Laudat
1223 1049 1425 1111 inprimis
1447 1042 1705 1110 [iugularem
1731 1048 1776 1091 in

216 1113 413 1177 epithetis
435 1111 682 1161 adhibendis
705 1116 796 1160 vim
821 1116 1001 1178 ingenii,
1012 1130 1105 1179 quae
1124 1110 1218 1160 satis
1238 1112 1400 1161 eluceat
1423 1115 1466 1160 in
1485 1113 1562 1160 illo
1581 1107 1779 1175 ἕμφοικοι

215 1178 372 1246 μοιςδν,
391 1179 510 1247 quod
530 1180 590 1229 est
611 1185 655 1229 in
678 1185 835 1230 Venere
857 1195 1092 1247 emergente
1101 1199 1121 1237 ,⁴
1144 1181 1271 1229 verba
1292 1185 1422 1229 etiam
1441 1193 1537 1247 apte
1556 1180 1705 1247 polita,
1730 1185 1780 1229 δε

133 1246 140 1253 “
215 1251 418 1312 proxima
442 1253 652 1312 proximis
686 1248 902 1314 eleganter
921 1247 1233 1312 respondentia,
1257 1261 1303 1295 ut
1326 1252 1373 1296 in
1394 1249 1472 1296 illo
1492 1249 1621 1315 μόρον
1647 1249 1778 1315 μέρος

216 1317 561 1380 Epigrammaris
604 1322 654 1363 in
684 1316 1112 1382 Hermaphroditum.
1151 1319 1350 1363 Acumen
1381 1332 1486 1363 vero
1527 1315 1778 1364 incredibile

217 1377 423 1429 inveniffe
461 1381 536 1429 fibi
579 1379 688 1429 visus
732 1382 792 1429 est
829 1386 875 1429 in
909 1381 1066 1429 ultimo
1110 1380 1232 1429 versu
1262 1387 1445 1431 Veneris
1490 1389 1776 1448 emergentis,

217 1447 294 1494 ubi
332 1450 487 1501 Poeta,
517 1451 736 1503 Martem,
767 1447 917 1510 fingit,
945 1447 976 1495 fi
1009 1447 1138 1494 talem
1172 1453 1222 1495 >in
1255 1450 1432 1495 vinculis
1463 1450 1669 1498 habuisset
1691 1453 1776 1498 Ve-

216 1530 369 1560 nerem
395 1548 410 1569 ‚
452 1530 675 1579 nunquam
715 1512 904 1561 custodia
953 1530 1170 1580 manuque
1209 1515 1412 1562 terribilis
1451 1517 1635 1565 Vulcani
1688 1521 1776 1565 exi-

216 1590 365 1629 turum
407 1578 544 1629 fuisse.
632 1582 739 1629 Non
780 1578 1001 1647 displicent
1048 1583 1164 1638 haec,
1199 1581 1341 1631 fateor
1360 1620 1373 1641 ‚
1417 1579 1510 1633 sed·
1541 1588 1634 1652 quis
1683 1602 1778 1635 cre-

217 1647 317 1702 dat,
350 1653 475 1696 unius
506 1666 660 1696 omnes
695 1649 821 1715 palati
853 1646 935 1696 effe
959 1648 1141 1697 lestores
1164 1654 1180 1697 ἓ
1248 1655 1288 1698 Λ
1325 1669 1350 1699 c
1369 1669 1397 1699 o
1416 1669 1443 1700 n
1461 1669 1491 1699 R
1511 1670 1539 1700 o
1576 1665 1690 1709 certe
1709 1657 1776 1700 ni-

217 1718 279 1765 hil
299 1715 607 1765 diffimulanter
630 1717 848 1782 scriptum,
868 1715 992 1765 facile
1013 1716 1183 1773 credas,
1202 1717 1234 1765 fi
1262 1718 1375 1785 legas
1406 1716 1533 1767 verba
1556 1739 1566 1769 t
1614 1723 1776 1788 Angele

213 1792 282 1834 mi
303 1785 577 1850 observande,
590 1804 674 1834 non
697 1784 781 1833 tibi
802 1784 1017 1840 blandior,
1028 1786 1117 1849 fid
1136 1804 1192 1834 ex
1219 1793 1363 1835 animo
1382 1789 1552 1855 loquor:
1591 1793 1641 1836 in
1669 1792 1777 1836 aliis

212 1854 394 1922 quidem
416 1872 499 1902 non
528 1872 571 1901 es
592 1858 749 1901 Graecis
772 1856 975 1918 inferior,
1009 1860 1057 1900 in
1077 1854 1152 1902 hoc
1178 1872 1278 1903 vero
1301 1861 1440 1903 etiam
1464 1874 1507 1904 es
1529 1861 1600 1915 (ut
1608 1856 1776 1920 sentio)

205 1922 419 1989 fitperior.
489 1921 798 1987 Impenfiffime
818 1919 919 1969 ideo
947 1922 1125 1988 rogabat
1162 1934 1186 1970 1>
1205 1941 1233 1971 ο
1251 1942 1309 1972 ιι
1334 1940 1367 1970 'r
1387 1941 1403 1971 x
1418 1942 1450 1973 A
1466 1942 1500 1971 N
1515 1941 1595 1972 υΜ
1610 1961 1624 1979 ,
1653 1937 1700 1971 ut
1729 1928 1776 1971 in

217 1991 360 2036 lucem
383 2007 514 2054 quam
534 1993 729 2054 primum
755 1993 872 2037 exire
900 1989 1062 2051 juberet
1089 1994 1323 2056 integrum,
1336 2008 1467 2056 quem
1501 1992 1627 2056 prelo
1649 1990 1779 2039 desti-

158 2080 160 2085 ·
217 2068 410 2109 naverat,
438 2060 814 2120 Epagrammatum
847 2069 1112 2119 apparatum.
1191 2060 1297 2121 Legi
1329 2070 1554 2104 merentur
1598 2061 1776 2124 integrae

222 2140 249 2171 c
265 2138 293 2169 0
310 2139 338 2171 n
354 2138 385 2168 R
403 2140 419 2169 1
455 2122 606 2176 literae,
641 2138 735 2186 quae
761 2125 808 2168 in
829 2120 1046 2169 laudandis
1064 2126 1439 2190 Engrammatum
1459 2126 1684 2173 virtutibus
1704 2124 1776 2174 ad·

220 2189 408 2237 modum
432 2185 527 2236 sunt
547 2185 743 2253 copiosae.
813 2186 925 2236 Vide
946 2187 1000 2236 de
1021 2191 1086 2237 his
1110 2196 1343 2240 Memoires
1365 2195 1504 2243 Liter.
1534 2198 1622 2248 TJ.
1654 2197 1704 2241 Ρ.
1719 2198 1774 2242 II.

214 2273 258 2327 p.
272 2275 360 2320 295,
395 2260 441 2305 &
461 2259 736 2322 Menagiana
774 2260 820 2306 T.
841 2259 919 2304 III.
933 2271 977 2324 p.
990 2274 1089 2320 454.
1159 2260 1325 2307 Fuit&
1359 2258 1473 2307 aliud
1506 2263 1776 2309 Criticorum

222 2342 372 2392 genus,
392 2327 481 2390 qui,
495 2325 642 2371 Graeca
678 2342 702 2372 ι»
716 2341 744 2372 ο
766 2342 791 2372 L
814 2342 830 2371 1
850 2341 880 2371 ‘r
897 2343 911 2371 1
932 2343 963 2374 A
979 2343 1012 2372 N
1027 2344 1042 2372 1
1073 2328 1261 2373 carmina
1291 2329 1338 2374 in
1367 2326 1511 2395 aliquo
1544 2327 1660 2377 forte
1677 2347 1776 2396 pre-

222 2397 287 2441 tio
306 2392 520 2446 habenteS,
552 2394 599 2439 in
621 2408 711 2439 uno
735 2404 881 2440 tamen
908 2392 977 2439 vel
1001 2392 1137 2442 altero
1168 2406 1240 2442 aut
1271 2399 1435 2460 ingenii
1456 2414 1672 2453 acumen,
1706 2409 1779 2444 aut

222 2463 365 2509 Graeci
384 2457 592 2507 sermonis
614 2457 900 2509 defiderarent
921 2458 1190 2527 elegantiam.
1239 2481 1510 2514 ramerus
1551 2481 1776 2525 MAssoN

218 2532 268 2577 in
287 2529 442 2576 Diario
463 2529 568 2591 Hist.
585 2532 695 2580 Criu
717 2528 770 2578 de
789 2530 835 2577 Ia
865 2534 970 2597 Rep.
1002 2529 1077 2579 des
1101 2531 1195 2579 lett.
1224 2535 1270 2579 T.
1293 2535 1366 2580 IV.
1382 2548 1417 2601 p
1442 2546 1509 2602 ζει
1544 2536 1777 2599 Epigram-

222 2609 390 2664 matum
421 2614 444 2643 P
465 2613 493 2644 o
515 2615 539 2644 L
560 2616 576 2642 1
601 2614 632 2643 ‘r
648 2614 666 2645 1
682 2615 713 2644 A
732 2615 767 2644 N
782 2615 799 2645 1
839 2601 919 2645 tria
942 2597 1220 2665 peculiaribus
1253 2598 1308 2648 de
1341 2599 1468 2648 caufis
1483 2593 1652 2666 'scripta
1682 2600 1783 2649 nol-t

225 2665 284 2712 let
313 2683 337 2713 a
371 2684 395 2712 P
416 2682 445 2712 o
469 2682 493 2711 L
516 2682 532 2712 1
551 2683 582 2713 T
601 2683 615 2711 1
633 2683 666 2712 A
682 2684 713 2712 N
730 2684 758 2713 o
776 2704 787 2715 .
856 2665 935 2714 Ista
956 2684 1062 2715 vero
1084 2685 1178 2734 quae
1197 2666 1290 2723 fint,
1313 2686 1498 2735 quamve
1518 2668 1600 2716 illis
1623 2672 1782 2736 putarit

228 2730 358 2780 ineffe
377 2730 909 2798 turpitudinem,hariolari
938 2736 1062 2784 nobis
1084 2753 1176 2785 non
1197 2735 1310 2791 licet,
1320 2749 1551 2803 propterea
1571 2736 1689 2804 quod
1710 2753 1782 2803 pa-

231 2803 358 2867 gfflae,
373 2801 425 2849 ab
448 2801 525 2851 illo
547 2805 753 2859 citatae‚in
774 2803 925 2869 quibus
950 2801 1037 2869 legi
1065 2805 1157 2854 haec
1189 2808 1470 2873 ait‚mi11i1ne
1503 2803 1787 2919 respondeagit

995 2873 1043 2920 U
1702 2890 1726 2919 e
1757 2875 1789 2919 i-
