1960 3135
1246 130 1274 155 λ

185 240 267 301 596
439 240 442 241 ’
713 243 1072 286 H1s‘roR1A
1134 242 1334 282 VITAE

200 321 1875 346 ,-,..-...-......--...-..-..----------—--.-.--..

300 377 416 426 hinc,
429 370 567 417 donec
602 371 785 415 certiora
817 364 986 426 aliunde
1021 365 1144 412 nobis
1179 365 1304 412 liceat
1334 361 1621 429 cognoscere,
1645 383 1693 412 ea
1716 366 1783 414 de
1828 384 1875 415 re

305 445 466 494 merito
499 454 575 483 nos
610 434 861 484 dubitamus.
1302 493 1308 494 ἶ
1690 442 1696 445 ’

188 521 269 585 (c)
290 505 512 558 Diffetunt
548 505 612 551 hae
643 504 881 560 Naturales
898 503 1152 565 Qaestiones
1173 519 1195 547 a
1220 499 1512 549 Naturalibur
1532 498 1877 558 Problematibur

308 596 377 626 AL
399 594 423 623 E
443 592 471 622 x
489 593 519 622 A
535 591 565 620 N
589 589 617 619 D
635 591 661 620 R
683 590 698 618 1
721 608 733 627 ,
767 589 958 636 quorum
984 569 1176 616 Latinam
1197 572 1597 633 interpretationem
1631 567 1797 616 exst-‘ire
1831 574 1876 617 in

306 642 508 712 Operibus
544 658 567 688 Ρ
588 658 615 688 o
634 659 658 687 L
673 657 688 686 1
703 657 738 686 ‘r
754 657 768 686 t
787 658 817 686 A
837 657 869 685 N
891 657 906 684 1
926 674 939 692 ,
976 638 1178 684 omnibus
1202 637 1261 683 est
1276 663 1279 665 —
1295 644 1460 685 notum.
1533 638 1681 683 Graece
1730 636 1876 684 inscri-

304 727 387 780 ptae
417 708 509 756 sunt
534 710 598 755 hae
620 711 896 772 Qaestiones:
942 709 1136 758 Φυσικῶν
1170 703 1551 771 χολίωνοέποριῶν
1591 705 1667 753 mit
1711 706 1875 756 λύσεων

307 777 492 838 βιβλία,
507 770 543 837 d.>
555 778 704 823 Latine
717 778 848 840 igitur
868 773 1029 821 diceres
1050 776 1315 837 Phystcorum
1325 772 1588 836 scholiorum
1608 773 1874 839 pei-dubita-

308 857 446 897 tiones
465 845 763 908 &solutiones
791 843 936 889 Libros
963 856 1166 908 quatuor.
1237 841 1318 887 Sed
1343 838 1614 906 compendiis
1641 842 1877 889 verborum

309 915 476 965 studens
512 932 535 960 Ρ
557 931 585 959 o
605 931 627 959 L
647 931 662 958 1
682 931 713 959 T
733 929 750 957 1
771 929 799 957 A
817 927 851 957 N
869 926 900 955 u
922 927 961 965 s,
998 909 1216 955 contracte
1235 910 1485 972 Qaestiones
1506 911 1731 967 naturales
1755 908 1874 957 dixit.

309 982 420 1032 Usus
446 981 504 1030 est
529 983 606 1027 hae
631 976 832 1043 loquendi
855 981 1021 1023 ratione
1043 980 1086 1042 in
1109 977 1342 1038 Miscellan.
1358 981 1455 1042 Cap.
1480 981 1515 1033 J,
1538 977 1609 1022 ubi
1631 995 1762 1023 nexus
1786 995 1880 1024 ver-

310 1053 470 1098 borum
508 1047 650 1099 docet,
672 1063 763 1092 non
781 1043 916 1090 alium
955 1064 980 1092 Ρ
998 1062 1026 1091 ο
1044 1064 1067 1092 L
1085 1063 1101 1091 1
1124 1062 1156 1090 Τ
1176 1064 1191 1091 1
1212 1062 1244 1091 A
1264 1062 1296 1090 N
1318 1062 1345 1091 o
1362 1082 1376 1104 ‚
1419 1061 1553 1109 quam
1593 1043 1721 1093 illum,
1760 1047 1880 1095 Scho,

313 1123 497 1170 Horum,
533 1111 910 1177 librumtintelligi
934 1123 969 1169 ;‘
1019 1112 1061 1158 id
1093 1111 1209 1177 quod
1237 1110 1473 1160 observavit
1504 1115 1738 1180 etiam-jo.
1758 1122 1879 1162 Am).

317 1206 341 1236 Ρ
359 1206 391 1235 A
408 1205 431 1233 Β
452 1203 480 1231 R
499 1202 511 1230 1
530 1200 554 1229 c
572 1201 587 1228 1
604 1199 663 1229 us
710 1184 754 1242 in
777 1182 980 1229 Biblioth.
1007 1184 1134 1228 Graec.
1169 1185 1215 1230 T.
1236 1184 1311 1229 IV.
1337 1181 1428 1230 Lib.
1443 1184 1511 1229 IV.
1538 1186 1634 1247 Cap.
1649 1199 1711 1241 25.
1746 1198 1787 1249 p.
1813 1200 1875 1240 72.

313 1253 517 1302 Eundem
543 1253 824 1314 Qaestionum
857 1251 1135 1296 naturalium
1166 1248 1343 1303 librum,
1367 1247 1397 1294 fi
1426 1266 1514 1295 non
1546 1252 1790 1315 integrum,
1828 1267 1881 1297 ex

313 1336 435 1388 parte
464 1334 636 1372 tamen,
660 1335 682 1363 a
704 1316 744 1363 se
765 1318 914 1363 Latine
939 1316 1170 1371 redditum,
1208 1336 1230 1364 Ρ
1247 1335 1275 1365 o
1296 1335 1320 1363 L
1345 1335 1359 1364 1
1383 1334 1414 1363 'r
1437 1335 1452 1363 1
1471 1336 1502 1365 A
1521 1336 1553 1364 N
1573 1336 1602 1365 u
1623 1335 1643 1365 s
1682 1317 1807 1366 docet
1836 1321 1883 1367 in

262 1402 264 1404 ’
313 1389 507 1455 Epistola
532 1386 584 1432 ad
621 1403 725 1434 HIE
746 1403 774 1432 R
793 1403 895 1433 0N.
933 1401 1250 1452 DONAsruM
1274 1421 1289 1440 ‚
1334 1384 1425 1434 Lib.
1446 1389 1501 1439 II.
1526 1389 1690 1453 Epr13,
1723 1387 1795 1434 ubi
1825 1391 1882 1434 ita

315 1459 389 1507 ille
411 1477 424 1506 ε
458 1455 666 1523 Equidem
687 1456 910 1502 nonnullas
931 1453 1179 1502 Alexandri
1200 1455 1328 1517 hujus
1350 1469 1588 1521 peracutas
1617 1462 1668 1503 in
1701 1455 1882 1512 Philolbs

313 1529 422 1596 Phia
454 1526 707 1590 Qaestiones
727 1541 840 1569 anno
850 1527 959 1582 jam
980 1537 1073 1571 tum
1093 1522 1315 1588 stiperiorc
1345 1527 1534 1570 Latinas
1551 1524 1657 1585 feci.
1680 1564 1686 1565 ff
1715 1525 1880 1587 Scripta

319 1596 378 1643 est
402 1593 592 1658 Epistola
615 1608 727 1637 anno
752 1607 865 1651 1490
887 1607 898 1649 3
935 1589 1046 1636 unde
1074 1602 1203 1653 patet,
1226 1590 1418 1636 laborem
1443 1591 1558 1636 hunc
1592 1587 1829 1653 susceptum
1859 1608 1883 1637 a

324 1682 347 1711 Ρ
367 1682 393 1711 o
409 1682 433 1710 L
451 1681 467 1708 1
487 1679 518 1709 'r
534 1678 548 1706 1
567 1678 600 1707 A
622 1679 653 1706 N
671 1677 699 1706 o
744 1662 793 1706 A.
811 1667 931 1720 1489.
1002 1659 1134 1714 Quod
1156 1656 1183 1703 fi
1211 1661 1266 1702 ita
1288 1657 1346 1703 es}
1361 1694 1374 1711 ,
1406 1656 1470 1703 vel
1504 1658 1588 1703 hoc
1629 1654 1722 1721 ipso
1756 1675 1883 1724 argu-

320 1745 473 1778 mento
490 1726 761 1774 manifestum
780 1725 914 1772 evadit
928 1723 1159 1780 ,diversam
1175 1723 1255 1770 esse
1269 1723 1793 1788 hancinterpretetionem
1832 1726 1884 1772 ab

320 1799 392 1848 illa
422 1800 705 1863 Qaestionum
737 1797 1011 1842 naturalium
1026 1830 1040 1848 ‚
1063 1797 1222 1858 quippe
1246 1811 1372 1858 quam
1400 1791 1634 1857 perfediam
1656 1812 1677 1839 a
1714 1813 1736 1841 Ρ
1755 1813 1782 1842 o
1799 1813 1822 1841 L
1839 1814 1884 1842 1-

330 1886 361 1914 Τ
381 1886 392 1913 1
411 1886 438 1913 A
460 1885 490 1912 N
510 1883 539 1911 o
591 1880 704 1908 anno
739 1867 822 1922 jam
856 1879 983 1919 1477,
1019 1874 1089 1906 aut
1128 1865 1235 1906 circa
1279 1859 1559 1925 subsequentis
1597 1864 1739 1916 initia,
1776 1862 1884 1908 dixi-

323 1951 420 1982 mus
457 1939 502 1991 ,οἵ
542 1947 679 1977 antec.
770 1929 903 1975 Rene
946 1932 1076 1993 igitur
1136 1946 1257 1994 JAc.
1325 1947 1346 1974 Ρ
1369 1947 1397 1975 Η
1416 1948 1429 1973 1
1452 1947 1475 1973 L
1498 1946 1549 1974 ιΡ
1569 1948 1589 1975 p
1609 1946 1670 1975 us
1735 1947 1758 1977 13
1777 1948 1801 1977 E
1825 1949 1851 1977 R
1869 1960 1884 1969 -

330 2020 361 2050 G
382 2020 409 2049 ο
427 2019 463 2046 Μ
481 2019 504 2047 E
523 2017 552 2046 N
574 2016 592 2044 s
612 2017 625 2044 1
648 2014 667 2042 s
718 1999 761 2042 in
797 1998 1002 2059 Supplem.
1020 2001 1306 2061 Supplementi
1330 1996 1521 2043 Chronic.
1538 2010 1580 2062 p.
1597 2014 1700 2057 435:
1740 2002 1888 2046 Vertit

324 2069 570 2118 Alexandri
594 2064 837 2131 Aphrodisli
863 2063 1144 2128 Qaestionum
1167 2063 1298 2125 libros
1328 2078 1530 2129 quatuor,
1565 2071 1751 2132 itemque
1784 2071 1888 2114 Pro-

324 2141 515 2189 blemata
540 2133 733 2196 ejusdem
767 2134 1015 2179 Alexandri
1043 2136 1127 2181 &c.
1175 2131 1251 2178 nifi
1282 2131 1395 2178 forte
1430 2130 1602 2178 dubitan
1714 2148 1888 2199 'putem

327 2226 385 2253 an
407 2201 649 2251 universum
671 2216 860 2267 quatuor
884 2201 1109 2248 Librorum
1134 2201 1256 2265 Opus
1278 2204 1448 2246 verterit
1478 2218 1499 2246 Ρ
1518 2218 1547 2248 o
1563 2220 1586 2248 L
1605 2131 1749 2277 Q
1765 2223 1890 2254 Nus.

328 2276 521 2337 Minime
553 2268 725 2335 quidem
765 2289 786 2317 Ρ
804 2288 830 2317 o
853 2287 876 2316 L
901 2289 915 2316 1
940 2287 970 2315 T
994 2288 1008 2315 1
1031 2288 1063 2316 A
1085 2288 1117 2315 N
1140 2288 1154 2314 1
1197 2268 1240 2314 id
1280 2269 1402 2314 verba
1441 2266 1595 2315 docent
1617 2306 1639 2324 2
1672 2270 1745 2335 qui
1781 2290 1889 2319 non-

329 2342 545 2390 nullarum
577 2336 719 2384 saltem
752 2339 1034 2401 Qaestionum
1056 2341 1326 2384 mentionem
1354 2335 1451 2383 facit
1476 2356 1488 2394 3
1535 2355 1614 2383 nec
1638 2338 1806 2387 aliunde
1837 2340 1890 2388 de

332 2414 416 2459 hoc
451 2428 475 2457 Ρ
494 2427 519 2456 0
540 2427 563 2454 L
583 2426 597 2454 1
621 2423 652 2452 ‘r
674 2424 689 2452 1
711 2425 741 2454 A
760 2425 791 2453 N
813 2427 826 2454 1
877 2406 1025 2452 labore
1055 2404 1289 2470 quidquam
1320 2404 1493 2455 constat.
1566 2407 1666 2466 Quo
1698 2409 1886 2473 Scripto.

331 2497 433 2527 rum
465 2477 627 2524 silentio
658 2492 710 2521 eo
733 2474 947 2528 adducor,
970 2487 1033 2529 ut,
1060 2471 1228 2539 periisse
1251 2473 1447 2520 libellum
1471 2475 1600 2530 hunc,
1615 2475 1706 2523 luce
1728 2474 1886 2542 dignis-

331 2547 506 2599 fimum,
526 2557 598 2589 aut
618 2555 755 2597 certe,
777 2542 909 2589 inscio
944 2544 1049 2590 orbe
1080 2542 1248 2590 erudito
1273 2579 1288 2599 ,
1328 2543 1488 2604 injustis
1526 2543 1886 2592 Bibliothecarum

333 2614 513 2662 vinculis
546 2611 754 2666 detineri,
778 2609 970 2676 suspicer.
1013 2612 1260 2677 Utrumque
1284 2629 1388 2658 vero
1412 2609 1668 2658 damnosum
1694 2615 1738 2658 ἀ
1764 2631 1889 2677 pror·

334 2681 398 2730 sus
424 2682 547 2729 fatale
569 2676 758 2726 accidisse
781 2680 936 2733 literis,
961 2683 1052 2745 quis
1080 2680 1154 2737 est,
1188 2683 1261 2745 qni
1286 2697 1376 2727 non
1397 2679 1602 2745 intelligat
1625 2683 1642 2725 ?

223 2753 292 2815 (d)
313 2749 450 2797 Fuisse
486 2755 529 2797 ὅ(
562 2748 825 2814 Aphorifinor
871 2767 901 2796 H
923 2769 935 2795 1
957 2767 978 2795 Ρ
998 2767 1019 2795 Ρ
1042 2766 1069 2795 o
1091 2765 1115 2795 c
1136 2767 1162 2795 R
1183 2767 1214 2796 A
1236 2766 1267 2794 ‘r
1287 2768 1301 2795 1
1325 2767 1344 2795 s
1363 2783 1377 2802 ,
1422 2764 1522 2794 cum
1562 2751 1894 2799 Commentariis
1932 2760 1937 2764 ’

343 2837 373 2868 G
390 2838 421 2868 A
439 2838 461 2866 L
479 2838 502 2868 E
523 2838 553 2866 N
575 2837 590 2865 1
608 2857 619 2878 ‚
655 2816 855 2866 laudabili
884 2817 1092 2874 instituto,
1113 2820 1158 2865 in
1185 2819 1384 2865 Latinum
1411 2814 1629 2865 translatos
1654 2834 1675 2863 a
1713 2837 1735 2865 Ρ
1754 2836 1781 2865 o
1805 2837 1828 2865 L
1849 2836 1893 2867 1-

1699 2902 1896 2947 TiANo,
