<?xml version="1.0" encoding="UTF-8"?>
<!DOCTYPE html PUBLIC "-//W3C//DTD XHTML 1.0 Transitional//EN"
    "http://www.w3.org/TR/xhtml1/DTD/xhtml1-transitional.dtd">
<html xmlns="http://www.w3.org/1999/xhtml" xml:lang="en" lang="en">
 <head>
  <title>
</title>
<meta http-equiv="Content-Type" content="text/html;charset=utf-8" />
  <meta name='ocr-system' content='tesseract 3.04.00' />
  <meta name='ocr-capabilities' content='ocr_page ocr_carea ocr_par ocr_line ocrx_word'/>
</head>
<body>
  <div class='ocr_page' id='page_1' title='image "./historiavitaeeti00menc_0588.png"; bbox 0 0 1960 3135; ppageno 0'>
   <div class='ocr_carea' id='block_1_1' title="bbox 161 251 1918 2914">
    <p class='ocr_par' dir='ltr' id='par_1_1' title="bbox 161 251 1301 312">
     <span class='ocr_line' id='line_1_1' title="bbox 161 251 1301 312; baseline -0.004 -13"><span class='ocrx_word' id='word_1_1' title='bbox 161 252 242 312; x_wconf 74' lang='lat'><strong>335</strong></span> <span class='ocrx_word' id='word_1_2' title='bbox 683 251 1040 303; x_wconf 64' lang='lat' dir='ltr'><strong>HlsTosstA</strong></span> <span class='ocrx_word' id='word_1_3' title='bbox 1102 252 1301 298; x_wconf 76' lang='lat' dir='ltr'>VITAE</span> 
     </span>
    </p>

    <p class='ocr_par' dir='ltr' id='par_1_2' title="bbox 161 327 1918 2914">
     <span class='ocr_line' id='line_1_2' title="bbox 161 327 1827 356; baseline -0.003 -6"><span class='ocrx_word' id='word_1_4' title='bbox 161 327 1827 356; x_wconf 45' lang='lat' dir='ltr'><strong>..amm—m*</strong></span> 
     </span>
     <span class='ocr_line' id='line_1_3' title="bbox 280 377 1831 444; baseline -0.001 -14"><span class='ocrx_word' id='word_1_5' title='bbox 280 400 388 431; x_wconf 88' lang='lat' dir='ltr'><strong>num</strong></span> <span class='ocrx_word' id='word_1_6' title='bbox 429 397 530 442; x_wconf 84' lang='lat'>¹493</span> <span class='ocrx_word' id='word_1_7' title='bbox 575 377 792 444; x_wconf 77' lang='lat' dir='ltr'><strong>scriptum.</strong></span> <span class='ocrx_word' id='word_1_8' title='bbox 862 378 973 434; x_wconf 86' lang='lat' dir='ltr'><strong>Sed,</strong></span> <span class='ocrx_word' id='word_1_9' title='bbox 1005 377 1110 443; x_wconf 84' lang='lat' dir='ltr'>qnid</span> <span class='ocrx_word' id='word_1_10' title='bbox 1141 381 1284 425; x_wconf 84' lang='lat' dir='ltr'><strong>virum</strong></span> <span class='ocrx_word' id='word_1_11' title='bbox 1319 377 1483 426; x_wconf 88' lang='lat' dir='ltr'><strong>bonum</strong></span> <span class='ocrx_word' id='word_1_12' title='bbox 1516 378 1737 438; x_wconf 81' lang='lat' dir='ltr'><strong>fefellerit,</strong></span> <span class='ocrx_word' id='word_1_13' title='bbox 1769 387 1831 429; x_wconf 87' lang='lat' dir='ltr'><strong>in-</strong></span> 
     </span>
     <span class='ocr_line' id='line_1_4' title="bbox 280 446 1835 513; baseline -0.002 -15"><span class='ocrx_word' id='word_1_14' title='bbox 280 450 445 498; x_wconf 80' lang='lat' dir='ltr'><strong>dicabo.</strong></span> <span class='ocrx_word' id='word_1_15' title='bbox 514 447 587 494; x_wconf 85' lang='lat' dir='ltr'><strong>Est</strong></span> <span class='ocrx_word' id='word_1_16' title='bbox 621 450 665 493; x_wconf 90' lang='lat' dir='ltr'><strong>in</strong></span> <span class='ocrx_word' id='word_1_17' title='bbox 699 447 774 494; x_wconf 84' lang='lat' dir='ltr'><strong>illo</strong></span> <span class='ocrx_word' id='word_1_18' title='bbox 795 448 1074 513; x_wconf 81' lang='lat' dir='ltr'><strong>Epzstolarum</strong></span> <span class='ocrx_word' id='word_1_19' title='bbox 1112 446 1223 493; x_wconf 78' lang='lat' dir='ltr'><strong>libro</strong></span> <span class='ocrx_word' id='word_1_20' title='bbox 1255 464 1338 493; x_wconf 85' lang='lat' dir='ltr'><strong>una</strong></span> <span class='ocrx_word' id='word_1_21' title='bbox 1387 465 1410 493; x_wconf 73' lang='grc' dir='ltr'><strong>Ρ</strong></span> <span class='ocrx_word' id='word_1_22' title='bbox 1427 465 1453 495; x_wconf 95' lang='lat' dir='ltr'><strong>o</strong></span> <span class='ocrx_word' id='word_1_23' title='bbox 1471 466 1494 494; x_wconf 82' lang='lat' dir='ltr'>L</span> <span class='ocrx_word' id='word_1_24' title='bbox 1511 467 1527 494; x_wconf 90' lang='lat'>1</span> <span class='ocrx_word' id='word_1_25' title='bbox 1545 465 1576 493; x_wconf 75' lang='lat' dir='ltr'><strong>‘r</strong></span> <span class='ocrx_word' id='word_1_26' title='bbox 1594 467 1610 494; x_wconf 92' lang='lat'>1</span> <span class='ocrx_word' id='word_1_27' title='bbox 1631 468 1662 497; x_wconf 80' lang='lat' dir='ltr'>A</span> <span class='ocrx_word' id='word_1_28' title='bbox 1677 468 1708 496; x_wconf 82' lang='lat' dir='ltr'>N</span> <span class='ocrx_word' id='word_1_29' title='bbox 1725 469 1742 496; x_wconf 90' lang='lat'>1</span> <span class='ocrx_word' id='word_1_30' title='bbox 1784 448 1835 496; x_wconf 85' lang='lat' dir='ltr'><strong>ad</strong></span> 
     </span>
     <span class='ocr_line' id='line_1_5' title="bbox 284 513 1834 580; baseline -0.001 -15"><span class='ocrx_word' id='word_1_31' title='bbox 284 537 310 565; x_wconf 79' lang='lat' dir='ltr'>L</span> <span class='ocrx_word' id='word_1_32' title='bbox 325 536 353 564; x_wconf 92' lang='lat' dir='ltr'>u</span> <span class='ocrx_word' id='word_1_33' title='bbox 368 535 396 565; x_wconf 85' lang='lat' dir='ltr'><strong>n</strong></span> <span class='ocrx_word' id='word_1_34' title='bbox 411 534 503 565; x_wconf 82' lang='lat' dir='ltr'><strong>ovl</strong></span> <span class='ocrx_word' id='word_1_35' title='bbox 522 533 546 564; x_wconf 93' lang='lat' dir='ltr'><strong>c</strong></span> <span class='ocrx_word' id='word_1_36' title='bbox 564 533 592 561; x_wconf 90' lang='lat' dir='ltr'><strong>u</strong></span> <span class='ocrx_word' id='word_1_37' title='bbox 607 533 645 561; x_wconf 87' lang='lat' dir='ltr'><strong>M</strong></span> <span class='ocrx_word' id='word_1_38' title='bbox 698 531 717 561; x_wconf 92' lang='lat' dir='ltr'>s</span> <span class='ocrx_word' id='word_1_39' title='bbox 736 532 760 562; x_wconf 82' lang='lat' dir='ltr'>F</span> <span class='ocrx_word' id='word_1_40' title='bbox 778 533 806 563; x_wconf 95' lang='lat' dir='ltr'><strong>o</strong></span> <span class='ocrx_word' id='word_1_41' title='bbox 826 532 854 561; x_wconf 82' lang='lat' dir='ltr'>R</span> <span class='ocrx_word' id='word_1_42' title='bbox 870 533 902 575; x_wconf 65' lang='lat' dir='ltr'>T</span> <span class='ocrx_word' id='word_1_43' title='bbox 923 533 938 562; x_wconf 91' lang='lat'>1</span> <span class='ocrx_word' id='word_1_44' title='bbox 957 532 991 562; x_wconf 86' lang='lat' dir='ltr'>A</span> <span class='ocrx_word' id='word_1_45' title='bbox 1009 532 1046 561; x_wconf 89' lang='lat' dir='ltr'>M</span> <span class='ocrx_word' id='word_1_46' title='bbox 1061 549 1074 568; x_wconf 89' lang='lat'><strong>,</strong></span> <span class='ocrx_word' id='word_1_47' title='bbox 1112 517 1179 559; x_wconf 90' lang='lat' dir='ltr'><strong>cui</strong></span> <span class='ocrx_word' id='word_1_48' title='bbox 1202 517 1245 559; x_wconf 90' lang='lat' dir='ltr'><strong>in</strong></span> <span class='ocrx_word' id='word_1_49' title='bbox 1267 513 1454 561; x_wconf 82' lang='lat' dir='ltr'>editione</span> <span class='ocrx_word' id='word_1_50' title='bbox 1481 517 1748 580; x_wconf 76' lang='lat' dir='ltr'><strong>Gryphiana,</strong></span> <span class='ocrx_word' id='word_1_51' title='bbox 1769 535 1834 563; x_wconf 88' lang='lat' dir='ltr'><strong>ea-</strong></span> 
     </span>
     <span class='ocr_line' id='line_1_6' title="bbox 281 578 1836 647; baseline -0.001 -16"><span class='ocrx_word' id='word_1_52' title='bbox 281 584 386 632; x_wconf 87' lang='lat' dir='ltr'><strong>dem</strong></span> <span class='ocrx_word' id='word_1_53' title='bbox 407 600 591 647; x_wconf 85' lang='lat' dir='ltr'><strong>nempe,</strong></span> <span class='ocrx_word' id='word_1_54' title='bbox 614 599 706 647; x_wconf 60' lang='lat' dir='ltr'>qua-</span> <span class='ocrx_word' id='word_1_55' title='bbox 720 579 814 628; x_wconf 87' lang='lat' dir='ltr'>usus</span> <span class='ocrx_word' id='word_1_56' title='bbox 847 582 906 628; x_wconf 85' lang='lat' dir='ltr'><strong>est</strong></span> <span class='ocrx_word' id='word_1_57' title='bbox 951 584 1091 627; x_wconf 86' lang='lat' dir='ltr'><strong>Autor</strong></span> <span class='ocrx_word' id='word_1_58' title='bbox 1135 582 1290 633; x_wconf 83' lang='lat' dir='ltr'><strong>Diarii‚</strong></span> <span class='ocrx_word' id='word_1_59' title='bbox 1321 579 1577 646; x_wconf 73' lang='lat' dir='ltr'><strong>subsignatus</strong></span> <span class='ocrx_word' id='word_1_60' title='bbox 1613 578 1672 628; x_wconf 85' lang='lat' dir='ltr'><strong>est</strong></span> <span class='ocrx_word' id='word_1_61' title='bbox 1704 598 1836 631; x_wconf 79' lang='lat' dir='ltr'><strong>annus</strong></span> 
     </span>
     <span class='ocr_line' id='line_1_7' title="bbox 281 646 1838 716; baseline -0.004 -16"><span class='ocrx_word' id='word_1_62' title='bbox 281 660 405 711; x_wconf 82' lang='lat'>1483,</span> <span class='ocrx_word' id='word_1_63' title='bbox 430 650 556 716; x_wconf 82' lang='lat' dir='ltr'><strong>idque</strong></span> <span class='ocrx_word' id='word_1_64' title='bbox 581 653 686 696; x_wconf 87' lang='lat' dir='ltr'><strong>vitio</strong></span> <span class='ocrx_word' id='word_1_65' title='bbox 709 651 959 713; x_wconf 65' lang='lat' dir='ltr'><strong>typothetae,</strong></span> <span class='ocrx_word' id='word_1_66' title='bbox 995 659 1041 693; x_wconf 88' lang='lat' dir='ltr'><strong>ut</strong></span> <span class='ocrx_word' id='word_1_67' title='bbox 1072 646 1193 694; x_wconf 73' lang='lat' dir='ltr'><strong>facile</strong></span> <span class='ocrx_word' id='word_1_68' title='bbox 1223 660 1397 711; x_wconf 74' lang='lat' dir='ltr'><strong>apparet</strong></span> <span class='ocrx_word' id='word_1_69' title='bbox 1429 667 1479 695; x_wconf 79' lang='lat' dir='ltr'><strong>ex</strong></span> <span class='ocrx_word' id='word_1_70' title='bbox 1513 648 1710 714; x_wconf 68' lang='lat' dir='ltr'><strong>reliquis,</strong></span> <span class='ocrx_word' id='word_1_71' title='bbox 1745 649 1838 715; x_wconf 52' lang='lat' dir='ltr'><strong>qnae,</strong></span> 
     </span>
     <span class='ocr_line' id='line_1_8' title="bbox 281 715 1840 782; baseline -0.003 -15"><span class='ocrx_word' id='word_1_72' title='bbox 281 716 601 782; x_wconf 81' lang='lat' dir='ltr'><strong>subsequuntur,</strong></span> <span class='ocrx_word' id='word_1_73' title='bbox 614 716 801 779; x_wconf 86' lang='lat' dir='ltr'><strong>ejusdem</strong></span> <span class='ocrx_word' id='word_1_74' title='bbox 823 718 1066 779; x_wconf 77' lang='lat' dir='ltr'><strong>argumenti</strong></span> <span class='ocrx_word' id='word_1_75' title='bbox 1089 715 1289 779; x_wconf 81' lang='lat' dir='ltr'><strong>Epistolis</strong></span> <span class='ocrx_word' id='word_1_76' title='bbox 1310 753 1325 772; x_wconf 89' lang='lat'><strong>‚</strong></span> <span class='ocrx_word' id='word_1_77' title='bbox 1357 719 1400 761; x_wconf 90' lang='lat' dir='ltr'><strong>in</strong></span> <span class='ocrx_word' id='word_1_78' title='bbox 1432 717 1582 779; x_wconf 77' lang='lat' dir='ltr'><strong>squibus</strong></span> <span class='ocrx_word' id='word_1_79' title='bbox 1613 715 1726 762; x_wconf 85' lang='lat' dir='ltr'><strong>nulla</strong></span> <span class='ocrx_word' id='word_1_80' title='bbox 1756 716 1840 770; x_wconf 83' lang='lat' dir='ltr'><strong>est,</strong></span> 
     </span>
     <span class='ocr_line' id='line_1_9' title="bbox 284 781 1840 852; baseline -0.003 -20"><span class='ocrx_word' id='word_1_81' title='bbox 284 804 379 852; x_wconf 78' lang='lat' dir='ltr'><strong>quae</strong></span> <span class='ocrx_word' id='word_1_82' title='bbox 400 803 491 832; x_wconf 88' lang='lat' dir='ltr'><strong>non</strong></span> <span class='ocrx_word' id='word_1_83' title='bbox 513 803 675 832; x_wconf 82' lang='lat' dir='ltr'><strong>annum</strong></span> <span class='ocrx_word' id='word_1_84' title='bbox 695 800 803 843; x_wconf 86' lang='lat'>1494</span> <span class='ocrx_word' id='word_1_85' title='bbox 822 785 983 830; x_wconf 78' lang='lat' dir='ltr'><strong>habeat.</strong></span> <span class='ocrx_word' id='word_1_86' title='bbox 1044 784 1104 828; x_wconf 43' lang='lat' dir='ltr'><strong>‘In</strong></span> <span class='ocrx_word' id='word_1_87' title='bbox 1126 785 1234 828; x_wconf 79' lang='lat' dir='ltr'><strong>hane</strong></span> <span class='ocrx_word' id='word_1_88' title='bbox 1254 800 1354 829; x_wconf 86' lang='lat' dir='ltr'><strong>eum</strong></span> <span class='ocrx_word' id='word_1_89' title='bbox 1381 781 1592 830; x_wconf 78' lang='lat' dir='ltr'><strong>ineidiffet</strong></span> <span class='ocrx_word' id='word_1_90' title='bbox 1612 783 1726 830; x_wconf 70' lang='lat' dir='ltr'><strong>forte</strong></span> <span class='ocrx_word' id='word_1_91' title='bbox 1751 787 1840 829; x_wconf 89' lang='lat' dir='ltr'><strong>Au-</strong></span> 
     </span>
     <span class='ocr_line' id='line_1_10' title="bbox 286 847 1842 914; baseline -0.001 -15"><span class='ocrx_word' id='word_1_92' title='bbox 286 865 358 899; x_wconf 86' lang='lat' dir='ltr'><strong>tor</strong></span> <span class='ocrx_word' id='word_1_93' title='bbox 380 853 468 908; x_wconf 81' lang='lat' dir='ltr'><strong>ille,</strong></span> <span class='ocrx_word' id='word_1_94' title='bbox 483 870 560 900; x_wconf 86' lang='lat' dir='ltr'><strong>nee</strong></span> <span class='ocrx_word' id='word_1_95' title='bbox 579 857 662 912; x_wconf 86' lang='lat' dir='ltr'><strong>ejus</strong></span> <span class='ocrx_word' id='word_1_96' title='bbox 684 851 767 898; x_wconf 74' lang='lat' dir='ltr'><strong>nasi</strong></span> <span class='ocrx_word' id='word_1_97' title='bbox 788 848 902 903; x_wconf 79' lang='lat' dir='ltr'><strong>esset,</strong></span> <span class='ocrx_word' id='word_1_98' title='bbox 924 862 969 895; x_wconf 86' lang='lat' dir='ltr'><strong>ut</strong></span> <span class='ocrx_word' id='word_1_99' title='bbox 990 847 1242 895; x_wconf 84' lang='lat' dir='ltr'>subodorari</span> <span class='ocrx_word' id='word_1_100' title='bbox 1263 851 1458 897; x_wconf 66' lang='lat' dir='ltr'><strong>cerotem</strong></span> <span class='ocrx_word' id='word_1_101' title='bbox 1480 848 1631 914; x_wconf 69' lang='lat' dir='ltr'><strong>poffer,</strong></span> <span class='ocrx_word' id='word_1_102' title='bbox 1659 853 1758 896; x_wconf 86' lang='lat' dir='ltr'><strong>hinc</strong></span> <span class='ocrx_word' id='word_1_103' title='bbox 1780 848 1842 897; x_wconf 84' lang='lat' dir='ltr'><strong>fa-</strong></span> 
     </span>
     <span class='ocr_line' id='line_1_11' title="bbox 287 916 1897 985; baseline -0.001 -19"><span class='ocrx_word' id='word_1_104' title='bbox 287 921 410 966; x_wconf 69' lang='lat' dir='ltr'><strong>(stum</strong></span> <span class='ocrx_word' id='word_1_105' title='bbox 434 934 548 985; x_wconf 72' lang='lat' dir='ltr'>puta,</span> <span class='ocrx_word' id='word_1_106' title='bbox 575 933 636 974; x_wconf 86' lang='lat' dir='ltr'><strong>ut,</strong></span> <span class='ocrx_word' id='word_1_107' title='bbox 663 921 924 982; x_wconf 67' lang='lat' dir='ltr'><strong>praecipitato</strong></span> <span class='ocrx_word' id='word_1_108' title='bbox 945 919 1073 961; x_wconf 82' lang='lat' dir='ltr'><strong>nimis</strong></span> <span class='ocrx_word' id='word_1_109' title='bbox 1102 916 1290 976; x_wconf 72' lang='lat' dir='ltr'><strong>judicio,</strong></span> <span class='ocrx_word' id='word_1_110' title='bbox 1311 917 1446 962; x_wconf 81' lang='lat' dir='ltr'><strong>natale</strong></span> <span class='ocrx_word' id='word_1_111' title='bbox 1475 919 1844 980; x_wconf 67' lang='lat' dir='ltr'><strong>Miscellaneorum</strong></span> <span class='ocrx_word' id='word_1_112' title='bbox 1894 924 1897 925; x_wconf 49' lang='lat'><em>⁷</em></span> 
     </span>
     <span class='ocr_line' id='line_1_12' title="bbox 288 983 1845 1051; baseline -0.004 -17"><span class='ocrx_word' id='word_1_113' title='bbox 288 1000 458 1051; x_wconf 84' lang='lat' dir='ltr'><strong>tempus</strong></span> <span class='ocrx_word' id='word_1_114' title='bbox 491 1000 587 1032; x_wconf 79' lang='lat' dir='ltr'><strong>ante</strong></span> <span class='ocrx_word' id='word_1_115' title='bbox 610 1002 770 1031; x_wconf 84' lang='lat' dir='ltr'><strong>annum</strong></span> <span class='ocrx_word' id='word_1_116' title='bbox 806 992 907 1041; x_wconf 85' lang='lat'>1483</span> <span class='ocrx_word' id='word_1_117' title='bbox 942 983 1225 1031; x_wconf 80' lang='lat' dir='ltr'><strong>constitueret.</strong></span> <span class='ocrx_word' id='word_1_118' title='bbox 1296 985 1466 1029; x_wconf 78' lang='lat' dir='ltr'><strong>Cestius</strong></span> <span class='ocrx_word' id='word_1_119' title='bbox 1498 1000 1638 1030; x_wconf 88' lang='lat' dir='ltr'><strong>autem</strong></span> <span class='ocrx_word' id='word_1_120' title='bbox 1668 986 1845 1044; x_wconf 80' lang='lat' dir='ltr'><strong>constat,</strong></span> 
     </span>
     <span class='ocr_line' id='line_1_13' title="bbox 288 1050 1844 1118; baseline -0.003 -18"><span class='ocrx_word' id='word_1_121' title='bbox 288 1055 509 1118; x_wconf 85' lang='lat' dir='ltr'><strong>vulgatum</strong></span> <span class='ocrx_word' id='word_1_122' title='bbox 531 1056 653 1116; x_wconf 87' lang='lat' dir='ltr'><strong>Opus</strong></span> <span class='ocrx_word' id='word_1_123' title='bbox 677 1054 880 1098; x_wconf 88' lang='lat' dir='ltr'><strong>omnium</strong></span> <span class='ocrx_word' id='word_1_124' title='bbox 905 1055 1097 1114; x_wconf 82' lang='lat' dir='ltr'><strong>primum</strong></span> <span class='ocrx_word' id='word_1_125' title='bbox 1122 1056 1170 1097; x_wconf 82' lang='lat' dir='ltr'><strong>A.</strong></span> <span class='ocrx_word' id='word_1_126' title='bbox 1190 1058 1295 1111; x_wconf 78' lang='lat'>1489</span> <span class='ocrx_word' id='word_1_127' title='bbox 1321 1052 1558 1104; x_wconf 60' lang='lat' dir='ltr'><strong>Horetum,</strong></span> <span class='ocrx_word' id='word_1_128' title='bbox 1583 1050 1723 1098; x_wconf 76' lang='lat' dir='ltr'><strong>forma</strong></span> <span class='ocrx_word' id='word_1_129' title='bbox 1754 1068 1844 1097; x_wconf 87' lang='lat' dir='ltr'><strong>ma-</strong></span> 
     </span>
     <span class='ocr_line' id='line_1_14' title="bbox 287 1118 1845 1183; baseline -0.002 -16"><span class='ocrx_word' id='word_1_130' title='bbox 287 1125 389 1182; x_wconf 79' lang='lat' dir='ltr'><strong>jori,</strong></span> <span class='ocrx_word' id='word_1_131' title='bbox 404 1124 530 1183; x_wconf 74' lang='lat' dir='ltr'><em>(fol.)</em></span> <span class='ocrx_word' id='word_1_132' title='bbox 553 1120 603 1165; x_wconf 87' lang='lat' dir='ltr'><strong>ab</strong></span> <span class='ocrx_word' id='word_1_133' title='bbox 629 1135 892 1167; x_wconf 74' lang='lat' dir='ltr'><strong>ANToNio</strong></span> <span class='ocrx_word' id='word_1_134' title='bbox 930 1134 1255 1171; x_wconf 74' lang='lat' dir='ltr'><strong>Miscommo,</strong></span> <span class='ocrx_word' id='word_1_135' title='bbox 1280 1136 1367 1164; x_wconf 85' lang='lat' dir='ltr'><strong>non</strong></span> <span class='ocrx_word' id='word_1_136' title='bbox 1392 1119 1571 1181; x_wconf 79' lang='lat' dir='ltr'><strong>ignobili</strong></span> <span class='ocrx_word' id='word_1_137' title='bbox 1592 1118 1704 1165; x_wconf 73' lang='lat' dir='ltr'><strong>iilius</strong></span> <span class='ocrx_word' id='word_1_138' title='bbox 1732 1118 1845 1165; x_wconf 74' lang='lat' dir='ltr'><strong>ufbis</strong></span> 
     </span>
     <span class='ocr_line' id='line_1_15' title="bbox 288 1186 1850 1253; baseline -0.001 -19"><span class='ocrx_word' id='word_1_139' title='bbox 288 1189 627 1253; x_wconf 45' lang='lat' dir='ltr'><strong>Typographo„</strong></span> <span class='ocrx_word' id='word_1_140' title='bbox 678 1186 888 1233; x_wconf 80' lang='lat' dir='ltr'><strong>Editionis</strong></span> <span class='ocrx_word' id='word_1_141' title='bbox 920 1187 1042 1245; x_wconf 84' lang='lat' dir='ltr'><strong>hujus</strong></span> <span class='ocrx_word' id='word_1_142' title='bbox 1068 1186 1454 1249; x_wconf 77' lang='lat' dir='ltr'><strong>indiciumpraebet</strong></span> <span class='ocrx_word' id='word_1_143' title='bbox 1484 1205 1518 1234; x_wconf 83' lang='lat' dir='ltr'>M</span> <span class='ocrx_word' id='word_1_144' title='bbox 1536 1203 1550 1232; x_wconf 88' lang='lat'>1</span> <span class='ocrx_word' id='word_1_145' title='bbox 1569 1203 1593 1232; x_wconf 89' lang='lat' dir='ltr'>c</span> <span class='ocrx_word' id='word_1_146' title='bbox 1611 1203 1658 1232; x_wconf 78' lang='lat' dir='ltr'><strong>H.</strong></span> <span class='ocrx_word' id='word_1_147' title='bbox 1685 1204 1722 1232; x_wconf 71' lang='lat' dir='ltr'>u</span> <span class='ocrx_word' id='word_1_148' title='bbox 1742 1204 1773 1233; x_wconf 87' lang='lat' dir='ltr'>A</span> <span class='ocrx_word' id='word_1_149' title='bbox 1794 1201 1850 1233; x_wconf 80' lang='lat' dir='ltr'><strong>&#39;r-</strong></span> 
     </span>
     <span class='ocr_line' id='line_1_16' title="bbox 292 1255 1848 1319; baseline -0.003 -15"><span class='ocrx_word' id='word_1_150' title='bbox 292 1273 374 1304; x_wconf 77' lang='grc' dir='ltr'><strong>ΤΑ</strong></span> <span class='ocrx_word' id='word_1_151' title='bbox 392 1271 525 1301; x_wconf 81' lang='lat' dir='ltr'>R1us</span> <span class='ocrx_word' id='word_1_152' title='bbox 554 1259 610 1301; x_wconf 83' lang='lat' dir='ltr'><strong>in</strong></span> <span class='ocrx_word' id='word_1_153' title='bbox 629 1257 783 1303; x_wconf 82' lang='lat' dir='ltr'><strong>Annal.</strong></span> <span class='ocrx_word' id='word_1_154' title='bbox 813 1259 988 1319; x_wconf 60' lang='lat' dir='ltr'><em>Dpogr.</em></span> <span class='ocrx_word' id='word_1_155' title='bbox 1020 1259 1065 1300; x_wconf 88' lang='lat' dir='ltr'><strong>T.</strong></span> <span class='ocrx_word' id='word_1_156' title='bbox 1081 1256 1113 1300; x_wconf 89' lang='lat' dir='ltr'><strong>I.</strong></span> <span class='ocrx_word' id='word_1_157' title='bbox 1135 1267 1181 1317; x_wconf 84' lang='lat' dir='ltr'><strong>p.</strong></span> <span class='ocrx_word' id='word_1_158' title='bbox 1185 1270 1274 1314; x_wconf 78' lang='lat'><em>509.</em></span> <span class='ocrx_word' id='word_1_159' title='bbox 1299 1255 1401 1300; x_wconf 81' lang='lat' dir='ltr'><strong>edit.</strong></span> <span class='ocrx_word' id='word_1_160' title='bbox 1429 1270 1521 1301; x_wconf 88' lang='lat' dir='ltr'><strong>nov.</strong></span> <span class='ocrx_word' id='word_1_161' title='bbox 1550 1256 1623 1318; x_wconf 89' lang='lat' dir='ltr'><strong>qui</strong></span> <span class='ocrx_word' id='word_1_162' title='bbox 1655 1257 1700 1301; x_wconf 70' lang='grc' dir='ltr'><strong>ὅ(</strong></span> <span class='ocrx_word' id='word_1_163' title='bbox 1741 1259 1848 1314; x_wconf 87' lang='lat' dir='ltr'><strong>ejus-</strong></span> 
     </span>
     <span class='ocr_line' id='line_1_17' title="bbox 288 1320 1848 1385; baseline -0.001 -16"><span class='ocrx_word' id='word_1_164' title='bbox 288 1321 390 1370; x_wconf 85' lang='lat' dir='ltr'><strong>dem</strong></span> <span class='ocrx_word' id='word_1_165' title='bbox 415 1323 547 1369; x_wconf 77' lang='lat' dir='ltr'><strong>fronti</strong></span> <span class='ocrx_word' id='word_1_166' title='bbox 572 1320 768 1385; x_wconf 85' lang='lat' dir='ltr'><strong>inscripta</strong></span> <span class='ocrx_word' id='word_1_167' title='bbox 791 1320 968 1382; x_wconf 73' lang='lat' dir='ltr'><strong>abipso,</strong></span> <span class='ocrx_word' id='word_1_168' title='bbox 983 1333 1027 1364; x_wconf 87' lang='lat' dir='ltr'><strong>ut</strong></span> <span class='ocrx_word' id='word_1_169' title='bbox 1048 1321 1230 1373; x_wconf 83' lang='lat' dir='ltr'><strong>videtur,</strong></span> <span class='ocrx_word' id='word_1_170' title='bbox 1248 1338 1269 1366; x_wconf 80' lang='lat' dir='ltr'>P</span> <span class='ocrx_word' id='word_1_171' title='bbox 1289 1339 1314 1367; x_wconf 94' lang='lat' dir='ltr'><strong>o</strong></span> <span class='ocrx_word' id='word_1_172' title='bbox 1332 1339 1355 1366; x_wconf 75' lang='grc' dir='ltr'>ι</span> <span class='ocrx_word' id='word_1_173' title='bbox 1372 1339 1387 1366; x_wconf 94' lang='lat'>1</span> <span class='ocrx_word' id='word_1_174' title='bbox 1409 1337 1440 1365; x_wconf 62' lang='lat' dir='ltr'><strong>‘r</strong></span> <span class='ocrx_word' id='word_1_175' title='bbox 1460 1339 1474 1366; x_wconf 87' lang='grc' dir='ltr'>ι</span> <span class='ocrx_word' id='word_1_176' title='bbox 1490 1340 1518 1368; x_wconf 85' lang='grc' dir='ltr'>Α</span> <span class='ocrx_word' id='word_1_177' title='bbox 1534 1339 1603 1369; x_wconf 82' lang='grc' dir='ltr'><strong>ΝΟ</strong></span> <span class='ocrx_word' id='word_1_178' title='bbox 1629 1322 1754 1366; x_wconf 81' lang='lat' dir='ltr'><strong>verba</strong></span> <span class='ocrx_word' id='word_1_179' title='bbox 1777 1336 1848 1367; x_wconf 86' lang='lat' dir='ltr'><strong>ex-</strong></span> 
     </span>
     <span class='ocr_line' id='line_1_18' title="bbox 290 1387 1847 1455; baseline -0.002 -18"><span class='ocrx_word' id='word_1_180' title='bbox 290 1393 408 1438; x_wconf 65' lang='lat' dir='ltr'><strong>hibet</strong></span> <span class='ocrx_word' id='word_1_181' title='bbox 430 1409 440 1437; x_wconf 74' lang='grc' dir='ltr'>ε</span> <span class='ocrx_word' id='word_1_182' title='bbox 509 1389 712 1455; x_wconf 80' lang='lat' dir='ltr'><strong>Inzprcſjit</strong></span> <span class='ocrx_word' id='word_1_183' title='bbox 744 1407 797 1436; x_wconf 83' lang='lat' dir='ltr'><strong>ex</strong></span> <span class='ocrx_word' id='word_1_184' title='bbox 819 1387 1042 1453; x_wconf 73' lang='lat' dir='ltr'><strong>archetypo</strong></span> <span class='ocrx_word' id='word_1_185' title='bbox 1062 1390 1273 1434; x_wconf 76' lang='lat' dir='ltr'><strong>Antonius</strong></span> <span class='ocrx_word' id='word_1_186' title='bbox 1295 1391 1369 1433; x_wconf 89' lang='lat' dir='ltr'><strong>Mi</strong></span> <span class='ocrx_word' id='word_1_187' title='bbox 1388 1387 1573 1434; x_wconf 64' lang='lat' dir='ltr'><strong>hominus</strong></span> <span class='ocrx_word' id='word_1_188' title='bbox 1593 1407 1612 1445; x_wconf 87' lang='lat'><strong>‚·</strong></span> <span class='ocrx_word' id='word_1_189' title='bbox 1643 1390 1847 1452; x_wconf 85' lang='lat' dir='ltr'><strong>familia-</strong></span> 
     </span>
     <span class='ocr_line' id='line_1_19' title="bbox 291 1456 1845 1523; baseline -0.003 -18"><span class='ocrx_word' id='word_1_190' title='bbox 291 1476 361 1505; x_wconf 68' lang='lat' dir='ltr'><strong>res</strong></span> <span class='ocrx_word' id='word_1_191' title='bbox 389 1457 571 1523; x_wconf 72' lang='lat' dir='ltr'><strong>qnidam</strong></span> <span class='ocrx_word' id='word_1_192' title='bbox 602 1458 815 1504; x_wconf 82' lang='lat' dir='ltr'><strong>Politiani</strong></span> <span class='ocrx_word' id='word_1_193' title='bbox 847 1458 1116 1520; x_wconf 63' lang='lat' dir='ltr'><strong>recognovere</strong></span> <span class='ocrx_word' id='word_1_194' title='bbox 1136 1473 1155 1510; x_wconf 77' lang='lat'><strong>,-</strong></span> <span class='ocrx_word' id='word_1_195' title='bbox 1194 1457 1439 1502; x_wconf 66' lang='lat' dir='ltr'><strong>Pontianus</strong></span> <span class='ocrx_word' id='word_1_196' title='bbox 1462 1456 1548 1522; x_wconf 71' lang='lat' dir='ltr'><strong>zpſs</strong></span> <span class='ocrx_word' id='word_1_197' title='bbox 1568 1473 1641 1503; x_wconf 83' lang='lat' dir='ltr'><strong>nec</strong></span> <span class='ocrx_word' id='word_1_198' title='bbox 1665 1456 1845 1501; x_wconf 73' lang='lat' dir='ltr'><em>hortola-</em></span> 
     </span>
     <span class='ocr_line' id='line_1_20' title="bbox 285 1523 1848 1592; baseline -0.002 -21"><span class='ocrx_word' id='word_1_199' title='bbox 285 1533 410 1592; x_wconf 73' lang='lat' dir='ltr'><strong>giam</strong></span> <span class='ocrx_word' id='word_1_200' title='bbox 421 1526 473 1588; x_wconf 66' lang='lat' dir='ltr'><strong>stt</strong></span> <span class='ocrx_word' id='word_1_201' title='bbox 492 1531 575 1581; x_wconf 75' lang='lat' dir='ltr'><strong>ait,</strong></span> <span class='ocrx_word' id='word_1_202' title='bbox 600 1543 672 1570; x_wconf 80' lang='lat' dir='ltr'><strong>nec</strong></span> <span class='ocrx_word' id='word_1_203' title='bbox 694 1531 860 1570; x_wconf 83' lang='lat' dir='ltr'><strong>omnino</strong></span> <span class='ocrx_word' id='word_1_204' title='bbox 892 1526 1080 1569; x_wconf 75' lang='lat' dir='ltr'><strong>alienam</strong></span> <span class='ocrx_word' id='word_1_205' title='bbox 1108 1523 1313 1586; x_wconf 61' lang='lat' dir='ltr'><strong>praestare</strong></span> <span class='ocrx_word' id='word_1_206' title='bbox 1346 1524 1523 1587; x_wconf 72' lang='lat' dir='ltr'><strong>culpam·</strong></span> <span class='ocrx_word' id='word_1_207' title='bbox 1601 1525 1848 1576; x_wconf 63' lang='lat' dir='ltr'><strong>Florentia,</strong></span> 
     </span>
     <span class='ocr_line' id='line_1_21' title="bbox 293 1588 1848 1656; baseline -0.005 -17"><span class='ocrx_word' id='word_1_208' title='bbox 293 1612 403 1640; x_wconf 82' lang='lat' dir='ltr'><strong>anno</strong></span> <span class='ocrx_word' id='word_1_209' title='bbox 413 1593 579 1656; x_wconf 58' lang='lat' dir='ltr'><strong>stallatis</strong></span> <span class='ocrx_word' id='word_1_210' title='bbox 611 1595 676 1638; x_wconf 92' lang='lat' dir='ltr'><strong>M.</strong></span> <span class='ocrx_word' id='word_1_211' title='bbox 702 1595 844 1639; x_wconf 91' lang='grc'><strong>6666.</strong></span> <span class='ocrx_word' id='word_1_212' title='bbox 866 1592 1083 1645; x_wconf 82' lang='lat' dir='ltr'><strong><em>LXXXIX,</em></strong></span> <span class='ocrx_word' id='word_1_213' title='bbox 1096 1590 1254 1634; x_wconf 74' lang='lat' dir='ltr'><strong>decimo</strong></span> <span class='ocrx_word' id='word_1_214' title='bbox 1276 1594 1408 1634; x_wconf 82' lang='lat' dir='ltr'><strong>tertio</strong></span> <span class='ocrx_word' id='word_1_215' title='bbox 1431 1590 1627 1635; x_wconf 72' lang='lat' dir='ltr'><strong>Calendis</strong></span> <span class='ocrx_word' id='word_1_216' title='bbox 1645 1588 1848 1634; x_wconf 62' lang='lat' dir='ltr'><strong>Oc‘zobris.</strong></span> 
     </span>
     <span class='ocr_line' id='line_1_22' title="bbox 293 1656 1852 1720; baseline -0.004 -14"><span class='ocrx_word' id='word_1_217' title='bbox 293 1659 426 1706; x_wconf 84' lang='lat' dir='ltr'>Unde</span> <span class='ocrx_word' id='word_1_218' title='bbox 448 1657 591 1713; x_wconf 84' lang='lat' dir='ltr'><strong>discas,</strong></span> <span class='ocrx_word' id='word_1_219' title='bbox 611 1677 702 1705; x_wconf 90' lang='lat' dir='ltr'><strong>non</strong></span> <span class='ocrx_word' id='word_1_220' title='bbox 723 1673 809 1704; x_wconf 84' lang='lat' dir='ltr'><strong>tam</strong></span> <span class='ocrx_word' id='word_1_221' title='bbox 833 1656 958 1720; x_wconf 69' lang='lat' dir='ltr'><strong>ipsius</strong></span> <span class='ocrx_word' id='word_1_222' title='bbox 1001 1674 1024 1701; x_wconf 85' lang='lat' dir='ltr'>P</span> <span class='ocrx_word' id='word_1_223' title='bbox 1046 1673 1074 1702; x_wconf 93' lang='lat' dir='ltr'><strong>o</strong></span> <span class='ocrx_word' id='word_1_224' title='bbox 1098 1673 1122 1700; x_wconf 89' lang='lat' dir='ltr'>L</span> <span class='ocrx_word' id='word_1_225' title='bbox 1146 1673 1162 1699; x_wconf 91' lang='lat'>1</span> <span class='ocrx_word' id='word_1_226' title='bbox 1185 1672 1216 1701; x_wconf 84' lang='lat' dir='ltr'>T</span> <span class='ocrx_word' id='word_1_227' title='bbox 1234 1674 1249 1700; x_wconf 93' lang='lat'>1</span> <span class='ocrx_word' id='word_1_228' title='bbox 1268 1674 1300 1702; x_wconf 89' lang='lat' dir='ltr'>A</span> <span class='ocrx_word' id='word_1_229' title='bbox 1316 1673 1349 1700; x_wconf 90' lang='lat' dir='ltr'>N</span> <span class='ocrx_word' id='word_1_230' title='bbox 1368 1673 1383 1699; x_wconf 93' lang='lat'>1</span> <span class='ocrx_word' id='word_1_231' title='bbox 1403 1692 1416 1709; x_wconf 96' lang='lat'>,</span> <span class='ocrx_word' id='word_1_232' title='bbox 1444 1672 1576 1719; x_wconf 66' lang='lat' dir='ltr'><strong>quam</strong></span> <span class='ocrx_word' id='word_1_233' title='bbox 1605 1659 1852 1700; x_wconf 69' lang='lat' dir='ltr'><strong>amicorum</strong></span> 
     </span>
     <span class='ocr_line' id='line_1_23' title="bbox 295 1718 1853 1792; baseline -0.003 -20"><span class='ocrx_word' id='word_1_234' title='bbox 295 1726 596 1792; x_wconf 78' lang='lat' dir='ltr'><strong>quorundam,</strong></span> <span class='ocrx_word' id='word_1_235' title='bbox 617 1742 717 1771; x_wconf 84' lang='lat' dir='ltr'>cura</span> <span class='ocrx_word' id='word_1_236' title='bbox 747 1723 791 1769; x_wconf 91' lang='lat' dir='ltr'><strong>id</strong></span> <span class='ocrx_word' id='word_1_237' title='bbox 820 1726 962 1786; x_wconf 85' lang='lat' dir='ltr'><strong>operis</strong></span> <span class='ocrx_word' id='word_1_238' title='bbox 995 1725 1041 1767; x_wconf 81' lang='lat' dir='ltr'><strong>in</strong></span> <span class='ocrx_word' id='word_1_239' title='bbox 1073 1722 1214 1768; x_wconf 81' lang='lat' dir='ltr'><strong>lucem</strong></span> <span class='ocrx_word' id='word_1_240' title='bbox 1251 1718 1393 1767; x_wconf 83' lang='lat' dir='ltr'><strong>exiiffe</strong></span> <span class='ocrx_word' id='word_1_241' title='bbox 1431 1720 1659 1784; x_wconf 84' lang='lat' dir='ltr'>publicam.</span> <span class='ocrx_word' id='word_1_242' title='bbox 1731 1718 1853 1767; x_wconf 80' lang='lat' dir='ltr'><strong>Idem</strong></span> 
     </span>
     <span class='ocr_line' id='line_1_24' title="bbox 295 1787 1853 1853; baseline -0.006 -10"><span class='ocrx_word' id='word_1_243' title='bbox 295 1810 629 1843; x_wconf 75' lang='lat' dir='ltr'><strong>MATTAmus</strong></span> <span class='ocrx_word' id='word_1_244' title='bbox 667 1804 816 1838; x_wconf 81' lang='lat' dir='ltr'><strong>notam</strong></span> <span class='ocrx_word' id='word_1_245' title='bbox 844 1788 973 1843; x_wconf 83' lang='lat' dir='ltr'>addit,</span> <span class='ocrx_word' id='word_1_246' title='bbox 1002 1807 1094 1853; x_wconf 85' lang='lat' dir='ltr'><strong>quae</strong></span> <span class='ocrx_word' id='word_1_247' title='bbox 1125 1787 1266 1841; x_wconf 82' lang='lat' dir='ltr'><strong>docet,</strong></span> <span class='ocrx_word' id='word_1_248' title='bbox 1287 1801 1452 1834; x_wconf 74' lang='lat' dir='ltr'><strong>textum</strong></span> <span class='ocrx_word' id='word_1_249' title='bbox 1480 1790 1700 1834; x_wconf 86' lang='lat' dir='ltr'><strong>Autor-um</strong></span> <span class='ocrx_word' id='word_1_250' title='bbox 1736 1789 1853 1834; x_wconf 87' lang='lat' dir='ltr'>Grae-</span> 
     </span>
     <span class='ocr_line' id='line_1_25' title="bbox 299 1852 1853 1924; baseline -0.005 -17"><span class='ocrx_word' id='word_1_251' title='bbox 299 1880 471 1913; x_wconf 82' lang='lat' dir='ltr'><strong>corum,</strong></span> <span class='ocrx_word' id='word_1_252' title='bbox 493 1864 566 1924; x_wconf 85' lang='lat' dir='ltr'><strong>qni</strong></span> <span class='ocrx_word' id='word_1_253' title='bbox 597 1862 668 1905; x_wconf 82' lang='lat' dir='ltr'><strong>hie</strong></span> <span class='ocrx_word' id='word_1_254' title='bbox 692 1862 887 1912; x_wconf 67' lang='lat' dir='ltr'><strong>nitentur,</strong></span> <span class='ocrx_word' id='word_1_255' title='bbox 911 1856 1148 1903; x_wconf 82' lang='lat' dir='ltr'>accentibus</span> <span class='ocrx_word' id='word_1_256' title='bbox 1180 1859 1224 1902; x_wconf 82' lang='lat'><strong>&amp;</strong></span> <span class='ocrx_word' id='word_1_257' title='bbox 1254 1852 1463 1918; x_wconf 80' lang='lat' dir='ltr'><strong>spiritibus</strong></span> <span class='ocrx_word' id='word_1_258' title='bbox 1494 1858 1663 1910; x_wconf 76' lang='lat' dir='ltr'><strong>notari,</strong></span> <span class='ocrx_word' id='word_1_259' title='bbox 1700 1869 1853 1918; x_wconf 76' lang='lat' dir='ltr'><strong>praeter</strong></span> 
     </span>
     <span class='ocr_line' id='line_1_26' title="bbox 298 1923 1853 1989; baseline -0.003 -15"><span class='ocrx_word' id='word_1_260' title='bbox 298 1927 529 1988; x_wconf 81' lang='lat' dir='ltr'>Sibyllinos</span> <span class='ocrx_word' id='word_1_261' title='bbox 563 1923 718 1979; x_wconf 75' lang='lat' dir='ltr'><strong>versus,</strong></span> <span class='ocrx_word' id='word_1_262' title='bbox 753 1941 861 1989; x_wconf 86' lang='lat' dir='ltr'><strong>quos</strong></span> <span class='ocrx_word' id='word_1_263' title='bbox 887 1928 984 1989; x_wconf 84' lang='lat' dir='ltr'><em>Cap.</em></span> <span class='ocrx_word' id='word_1_264' title='bbox 1002 1926 1162 1981; x_wconf 82' lang='lat' dir='ltr'><em>LVIII,</em></span> <span class='ocrx_word' id='word_1_265' title='bbox 1191 1926 1234 1970; x_wconf 78' lang='grc' dir='ltr'><strong>ὅ(</strong></span> <span class='ocrx_word' id='word_1_266' title='bbox 1274 1940 1300 1970; x_wconf 92' lang='lat' dir='ltr'>c</span> <span class='ocrx_word' id='word_1_267' title='bbox 1319 1941 1351 1970; x_wconf 87' lang='lat' dir='ltr'>A</span> <span class='ocrx_word' id='word_1_268' title='bbox 1368 1942 1390 1970; x_wconf 80' lang='lat' dir='ltr'>L</span> <span class='ocrx_word' id='word_1_269' title='bbox 1408 1940 1460 1970; x_wconf 75' lang='grc' dir='ltr'><strong>ιι</strong></span> <span class='ocrx_word' id='word_1_270' title='bbox 1478 1938 1588 1970; x_wconf 80' lang='lat' dir='ltr'><strong>MAc</strong></span> <span class='ocrx_word' id='word_1_271' title='bbox 1610 1940 1670 1969; x_wconf 77' lang='grc' dir='ltr'><strong>Ηι</strong></span> <span class='ocrx_word' id='word_1_272' title='bbox 1709 1929 1756 1969; x_wconf 81' lang='lat' dir='ltr'><strong>in</strong></span> <span class='ocrx_word' id='word_1_273' title='bbox 1790 1925 1853 1969; x_wconf 89' lang='lat' dir='ltr'><strong>la-</strong></span> 
     </span>
     <span class='ocr_line' id='line_1_27' title="bbox 298 1990 1853 2058; baseline -0.003 -17"><span class='ocrx_word' id='word_1_274' title='bbox 298 2012 436 2042; x_wconf 82' lang='lat' dir='ltr'><em>vacra</em></span> <span class='ocrx_word' id='word_1_275' title='bbox 457 1993 654 2040; x_wconf 71' lang='lat' dir='ltr'><strong>Palladis</strong></span> <span class='ocrx_word' id='word_1_276' title='bbox 679 1995 882 2057; x_wconf 77' lang='lat' dir='ltr'><strong>Elegiam,</strong></span> <span class='ocrx_word' id='word_1_277' title='bbox 900 2008 1032 2055; x_wconf 73' lang='lat' dir='ltr'><strong>quam</strong></span> <span class='ocrx_word' id='word_1_278' title='bbox 1056 1994 1152 2058; x_wconf 82' lang='lat' dir='ltr'><em>Cap.</em></span> <span class='ocrx_word' id='word_1_279' title='bbox 1167 1995 1318 2037; x_wconf 80' lang='lat' dir='ltr'><em>LXXX</em></span> <span class='ocrx_word' id='word_1_280' title='bbox 1338 1992 1381 2035; x_wconf 90' lang='lat' dir='ltr'>N</span> <span class='ocrx_word' id='word_1_281' title='bbox 1386 1990 1497 2036; x_wconf 79' lang='lat' dir='ltr'><strong>osser</strong></span> <span class='ocrx_word' id='word_1_282' title='bbox 1522 1991 1702 2037; x_wconf 86' lang='lat' dir='ltr'>exhibet.</span> <span class='ocrx_word' id='word_1_283' title='bbox 1741 1991 1853 2037; x_wconf 82' lang='lat' dir='ltr'><strong>Ean-</strong></span> 
     </span>
     <span class='ocr_line' id='line_1_28' title="bbox 301 2053 1858 2121; baseline -0.002 -14"><span class='ocrx_word' id='word_1_284' title='bbox 301 2059 403 2108; x_wconf 86' lang='lat' dir='ltr'><strong>dem</strong></span> <span class='ocrx_word' id='word_1_285' title='bbox 428 2059 681 2112; x_wconf 82' lang='lat' dir='ltr'><strong>editionem,</strong></span> <span class='ocrx_word' id='word_1_286' title='bbox 697 2062 898 2105; x_wconf 89' lang='lat' dir='ltr'><strong>omnium</strong></span> <span class='ocrx_word' id='word_1_287' title='bbox 921 2060 1128 2121; x_wconf 78' lang='lat' dir='ltr'><strong>primam,</strong></span> <span class='ocrx_word' id='word_1_288' title='bbox 1142 2053 1289 2103; x_wconf 80' lang='lat' dir='ltr'><strong>vidiss&#39;e</strong></span> <span class='ocrx_word' id='word_1_289' title='bbox 1317 2055 1358 2102; x_wconf 87' lang='lat' dir='ltr'><strong>se</strong></span> <span class='ocrx_word' id='word_1_290' title='bbox 1388 2074 1526 2120; x_wconf 84' lang='lat' dir='ltr'><strong>nuper</strong></span> <span class='ocrx_word' id='word_1_291' title='bbox 1560 2057 1788 2103; x_wconf 64' lang='lat' dir='ltr'><strong>Florentiae</strong></span> <span class='ocrx_word' id='word_1_292' title='bbox 1811 2060 1858 2104; x_wconf 86' lang='lat' dir='ltr'><strong>in</strong></span> 
     </span>
     <span class='ocr_line' id='line_1_29' title="bbox 298 2123 1857 2188; baseline -0.003 -13"><span class='ocrx_word' id='word_1_293' title='bbox 298 2129 563 2177; x_wconf 80' lang='lat' dir='ltr'><strong>Bibliotheca</strong></span> <span class='ocrx_word' id='word_1_294' title='bbox 582 2129 881 2181; x_wconf 53' lang='lat' dir='ltr'><strong>Laixrentiana,</strong></span> <span class='ocrx_word' id='word_1_295' title='bbox 903 2128 948 2172; x_wconf 79' lang='grc' dir='ltr'><strong>ὅ(</strong></span> <span class='ocrx_word' id='word_1_296' title='bbox 968 2128 1012 2171; x_wconf 87' lang='lat' dir='ltr'><strong>in</strong></span> <span class='ocrx_word' id='word_1_297' title='bbox 1034 2129 1118 2186; x_wconf 86' lang='lat' dir='ltr'><strong>ejus</strong></span> <span class='ocrx_word' id='word_1_298' title='bbox 1143 2123 1256 2170; x_wconf 80' lang='lat' dir='ltr'><strong>calce</strong></span> <span class='ocrx_word' id='word_1_299' title='bbox 1276 2123 1520 2188; x_wconf 82' lang='lat' dir='ltr'><strong>haeC,ipfius</strong></span> <span class='ocrx_word' id='word_1_300' title='bbox 1544 2141 1672 2170; x_wconf 81' lang='lat' dir='ltr'><strong>manu</strong></span> <span class='ocrx_word' id='word_1_301' title='bbox 1702 2141 1857 2172; x_wconf 73' lang='lat' dir='ltr'><strong>rom·</strong></span> 
     </span>
     <span class='ocr_line' id='line_1_30' title="bbox 303 2190 1858 2258; baseline -0.005 -13"><span class='ocrx_word' id='word_1_302' title='bbox 303 2215 366 2245; x_wconf 76' lang='grc' dir='ltr'><strong>Τῐ</strong></span> <span class='ocrx_word' id='word_1_303' title='bbox 387 2214 464 2244; x_wconf 83' lang='lat' dir='ltr'><strong>AN</strong></span> <span class='ocrx_word' id='word_1_304' title='bbox 482 2214 498 2241; x_wconf 94' lang='lat'>1</span> <span class='ocrx_word' id='word_1_305' title='bbox 538 2192 705 2258; x_wconf 85' lang='lat' dir='ltr'><strong>scripta,</strong></span> <span class='ocrx_word' id='word_1_306' title='bbox 730 2193 856 2241; x_wconf 81' lang='lat' dir='ltr'><strong>verba</strong></span> <span class='ocrx_word' id='word_1_307' title='bbox 885 2191 1053 2256; x_wconf 79' lang='lat' dir='ltr'><strong>legisse:</strong></span> <span class='ocrx_word' id='word_1_308' title='bbox 1130 2190 1230 2238; x_wconf 80' lang='lat' dir='ltr'><strong>Tibi</strong></span> <span class='ocrx_word' id='word_1_309' title='bbox 1261 2191 1390 2249; x_wconf 77' lang='lat' dir='ltr'><strong>habe,</strong></span> <span class='ocrx_word' id='word_1_310' title='bbox 1425 2198 1488 2238; x_wconf 82' lang='lat' dir='ltr'><strong>nli</strong></span> <span class='ocrx_word' id='word_1_311' title='bbox 1508 2194 1636 2239; x_wconf 77' lang='lat' dir='ltr'><strong>Petre</strong></span> <span class='ocrx_word' id='word_1_312' title='bbox 1673 2195 1858 2251; x_wconf 81' lang='lat' dir='ltr'><strong>Antoni,</strong></span> 
     </span>
     <span class='ocr_line' id='line_1_31' title="bbox 301 2258 1857 2325; baseline -0.002 -16"><span class='ocrx_word' id='word_1_313' title='bbox 301 2263 580 2325; x_wconf 76' lang='lat' dir='ltr'><strong>Mistellanea</strong></span> <span class='ocrx_word' id='word_1_314' title='bbox 611 2264 749 2321; x_wconf 80' lang='lat' dir='ltr'><em>nostra</em></span> <span class='ocrx_word' id='word_1_315' title='bbox 770 2300 782 2319; x_wconf 83' lang='lat'>‚</span> <span class='ocrx_word' id='word_1_316' title='bbox 817 2273 1130 2309; x_wconf 78' lang='lat' dir='ltr'><strong>monumentum</strong></span> <span class='ocrx_word' id='word_1_317' title='bbox 1170 2258 1222 2309; x_wconf 66' lang='lat'><strong>{5</strong></span> <span class='ocrx_word' id='word_1_318' title='bbox 1241 2265 1410 2325; x_wconf 44' lang='lat' dir='ltr'><strong>‘pzssgnus</strong></span> <span class='ocrx_word' id='word_1_319' title='bbox 1446 2265 1631 2316; x_wconf 65' lang='lat' dir='ltr'><strong>amoris,</strong></span> <span class='ocrx_word' id='word_1_320' title='bbox 1675 2260 1725 2310; x_wconf 95' lang='lat'><strong>65</strong></span> <span class='ocrx_word' id='word_1_321' title='bbox 1758 2260 1857 2322; x_wconf 83' lang='lat' dir='ltr'><em>for-</em></span> 
     </span>
     <span class='ocr_line' id='line_1_32' title="bbox 300 2326 1918 2395; baseline -0.002 -18"><span class='ocrx_word' id='word_1_322' title='bbox 300 2332 408 2391; x_wconf 80' lang='lat' dir='ltr'><em>taffc</em></span> <span class='ocrx_word' id='word_1_323' title='bbox 435 2336 643 2395; x_wconf 77' lang='lat' dir='ltr'><strong>gratiora</strong></span> <span class='ocrx_word' id='word_1_324' title='bbox 674 2330 839 2392; x_wconf 80' lang='lat' dir='ltr'><em>futura</em></span> <span class='ocrx_word' id='word_1_325' title='bbox 874 2329 1054 2395; x_wconf 77' lang='lat' dir='ltr'><strong>posteris</strong></span> <span class='ocrx_word' id='word_1_326' title='bbox 1075 2364 1090 2382; x_wconf 90' lang='lat'><em>‚</em></span> <span class='ocrx_word' id='word_1_327' title='bbox 1124 2328 1238 2393; x_wconf 82' lang='lat' dir='ltr'><strong>quod</strong></span> <span class='ocrx_word' id='word_1_328' title='bbox 1261 2330 1439 2373; x_wconf 83' lang='lat' dir='ltr'><strong>Autoris</strong></span> <span class='ocrx_word' id='word_1_329' title='bbox 1473 2345 1603 2374; x_wconf 84' lang='lat' dir='ltr'><strong>manu</strong></span> <span class='ocrx_word' id='word_1_330' title='bbox 1623 2326 1857 2390; x_wconf 79' lang='lat' dir='ltr'><strong>subnotan-</strong></span> <span class='ocrx_word' id='word_1_331' title='bbox 1914 2336 1918 2337; x_wconf 50' lang='lat'><em>⁷</em></span> 
     </span>
     <span class='ocr_line' id='line_1_33' title="bbox 301 2396 1859 2459; baseline -0.002 -14"><span class='ocrx_word' id='word_1_332' title='bbox 301 2411 392 2446; x_wconf 83' lang='lat' dir='ltr'><em>tur.</em></span> <span class='ocrx_word' id='word_1_333' title='bbox 439 2398 694 2444; x_wconf 74' lang='lat' dir='ltr'><strong>Politianus.</strong></span> <span class='ocrx_word' id='word_1_334' title='bbox 763 2413 836 2443; x_wconf 85' lang='lat' dir='ltr'><strong>me</strong></span> <span class='ocrx_word' id='word_1_335' title='bbox 874 2396 1005 2442; x_wconf 79' lang='lat' dir='ltr'><strong>frater</strong></span> <span class='ocrx_word' id='word_1_336' title='bbox 1046 2399 1236 2459; x_wconf 87' lang='lat' dir='ltr'><strong>optimus</strong></span> <span class='ocrx_word' id='word_1_337' title='bbox 1259 2429 1273 2448; x_wconf 92' lang='lat'><strong>,</strong></span> <span class='ocrx_word' id='word_1_338' title='bbox 1311 2410 1337 2441; x_wconf 91' lang='lat' dir='ltr'>c</span> <span class='ocrx_word' id='word_1_339' title='bbox 1356 2412 1385 2441; x_wconf 82' lang='lat' dir='ltr'>A</span> <span class='ocrx_word' id='word_1_340' title='bbox 1403 2412 1430 2441; x_wconf 80' lang='lat' dir='ltr'>R</span> <span class='ocrx_word' id='word_1_341' title='bbox 1447 2396 1475 2443; x_wconf 89' lang='lat' dir='ltr'><strong>o</strong></span> <span class='ocrx_word' id='word_1_342' title='bbox 1494 2414 1517 2442; x_wconf 84' lang='lat' dir='ltr'>L</span> <span class='ocrx_word' id='word_1_343' title='bbox 1535 2413 1563 2442; x_wconf 85' lang='lat' dir='ltr'>U</span> <span class='ocrx_word' id='word_1_344' title='bbox 1584 2413 1604 2442; x_wconf 90' lang='lat' dir='ltr'>s</span> <span class='ocrx_word' id='word_1_345' title='bbox 1648 2412 1676 2442; x_wconf 93' lang='lat' dir='ltr'><strong>o</strong></span> <span class='ocrx_word' id='word_1_346' title='bbox 1698 2411 1729 2441; x_wconf 87' lang='lat' dir='ltr'>T</span> <span class='ocrx_word' id='word_1_347' title='bbox 1751 2410 1781 2440; x_wconf 82' lang='lat' dir='ltr'>T</span> <span class='ocrx_word' id='word_1_348' title='bbox 1800 2411 1828 2442; x_wconf 93' lang='lat' dir='ltr'><strong>o</strong></span> <span class='ocrx_word' id='word_1_349' title='bbox 1843 2429 1859 2449; x_wconf 88' lang='lat'>,</span> 
     </span>
     <span class='ocr_line' id='line_1_34' title="bbox 297 2459 1859 2531; baseline -0.003 -19"><span class='ocrx_word' id='word_1_350' title='bbox 297 2481 481 2531; x_wconf 83' lang='lat' dir='ltr'><strong>peregre</strong></span> <span class='ocrx_word' id='word_1_351' title='bbox 516 2470 601 2524; x_wconf 78' lang='lat' dir='ltr'><strong>jam</strong></span> <span class='ocrx_word' id='word_1_352' title='bbox 637 2467 782 2509; x_wconf 81' lang='lat' dir='ltr'><strong>vivens</strong></span> <span class='ocrx_word' id='word_1_353' title='bbox 802 2500 816 2518; x_wconf 89' lang='lat'><strong>‚</strong></span> <span class='ocrx_word' id='word_1_354' title='bbox 838 2463 970 2510; x_wconf 78' lang='lat' dir='ltr'><strong>literis</strong></span> <span class='ocrx_word' id='word_1_355' title='bbox 1005 2460 1057 2508; x_wconf 86' lang='lat' dir='ltr'><strong>ad</strong></span> <span class='ocrx_word' id='word_1_356' title='bbox 1093 2479 1165 2509; x_wconf 89' lang='lat' dir='ltr'><strong>me</strong></span> <span class='ocrx_word' id='word_1_357' title='bbox 1199 2460 1305 2507; x_wconf 87' lang='lat' dir='ltr'><strong>datis</strong></span> <span class='ocrx_word' id='word_1_358' title='bbox 1330 2459 1488 2508; x_wconf 84' lang='lat' dir='ltr'><strong>docuit.</strong></span> <span class='ocrx_word' id='word_1_359' title='bbox 1537 2462 1712 2509; x_wconf 81' lang='lat' dir='ltr'><strong>Exstare</strong></span> <span class='ocrx_word' id='word_1_360' title='bbox 1731 2465 1859 2509; x_wconf 85' lang='lat' dir='ltr'><strong>etiam</strong></span> 
     </span>
     <span class='ocr_line' id='line_1_35' title="bbox 305 2528 1859 2594; baseline -0.004 -15"><span class='ocrx_word' id='word_1_361' title='bbox 305 2533 491 2579; x_wconf 85' lang='lat' dir='ltr'><strong>eundem</strong></span> <span class='ocrx_word' id='word_1_362' title='bbox 518 2529 676 2576; x_wconf 85' lang='lat' dir='ltr'><strong>librum</strong></span> <span class='ocrx_word' id='word_1_363' title='bbox 713 2533 757 2575; x_wconf 88' lang='lat' dir='ltr'><strong>in</strong></span> <span class='ocrx_word' id='word_1_364' title='bbox 792 2530 1053 2577; x_wconf 77' lang='lat' dir='ltr'><strong>Bibliotheca</strong></span> <span class='ocrx_word' id='word_1_365' title='bbox 1084 2528 1251 2593; x_wconf 88' lang='lat' dir='ltr'><strong>publica</strong></span> <span class='ocrx_word' id='word_1_366' title='bbox 1286 2528 1565 2594; x_wconf 71' lang='lat' dir='ltr'><strong>Fribergmss,</strong></span> <span class='ocrx_word' id='word_1_367' title='bbox 1586 2528 1781 2579; x_wconf 81' lang='lat' dir='ltr'><strong>discimus</strong></span> <span class='ocrx_word' id='word_1_368' title='bbox 1807 2544 1859 2574; x_wconf 84' lang='lat' dir='ltr'><strong>ex</strong></span> 
     </span>
     <span class='ocr_line' id='line_1_36' title="bbox 311 2595 1859 2661; baseline -0.005 -13"><span class='ocrx_word' id='word_1_369' title='bbox 311 2617 332 2648; x_wconf 85' lang='lat' dir='ltr'>s</span> <span class='ocrx_word' id='word_1_370' title='bbox 354 2617 386 2646; x_wconf 80' lang='lat' dir='ltr'><strong>A</strong></span> <span class='ocrx_word' id='word_1_371' title='bbox 403 2619 438 2647; x_wconf 85' lang='lat' dir='ltr'>M</span> <span class='ocrx_word' id='word_1_372' title='bbox 452 2635 461 2645; x_wconf 88' lang='lat'><strong>.</strong></span> <span class='ocrx_word' id='word_1_373' title='bbox 499 2617 536 2647; x_wconf 86' lang='lat' dir='ltr'>M</span> <span class='ocrx_word' id='word_1_374' title='bbox 554 2615 582 2645; x_wconf 93' lang='lat' dir='ltr'><strong>o</strong></span> <span class='ocrx_word' id='word_1_375' title='bbox 601 2615 626 2644; x_wconf 79' lang='lat' dir='ltr'>L</span> <span class='ocrx_word' id='word_1_376' title='bbox 644 2615 668 2644; x_wconf 77' lang='lat' dir='ltr'>L</span> <span class='ocrx_word' id='word_1_377' title='bbox 685 2615 708 2644; x_wconf 78' lang='lat' dir='ltr'>E</span> <span class='ocrx_word' id='word_1_378' title='bbox 727 2614 756 2642; x_wconf 79' lang='lat' dir='ltr'>R</span> <span class='ocrx_word' id='word_1_379' title='bbox 776 2615 790 2642; x_wconf 90' lang='lat'>1</span> <span class='ocrx_word' id='word_1_380' title='bbox 808 2631 822 2648; x_wconf 75' lang='grc'>,</span> <span class='ocrx_word' id='word_1_381' title='bbox 858 2596 1045 2656; x_wconf 81' lang='lat' dir='ltr'><strong>ejusdem</strong></span> <span class='ocrx_word' id='word_1_382' title='bbox 1082 2597 1194 2642; x_wconf 80' lang='lat' dir='ltr'><strong>urbis</strong></span> <span class='ocrx_word' id='word_1_383' title='bbox 1223 2596 1444 2651; x_wconf 68' lang='grc' dir='ltr'><strong>Κεέῖοτίε,</strong></span> <span class='ocrx_word' id='word_1_384' title='bbox 1477 2600 1630 2661; x_wconf 82' lang='lat' dir='ltr'><strong>Progr.</strong></span> <span class='ocrx_word' id='word_1_385' title='bbox 1666 2595 1718 2642; x_wconf 80' lang='lat' dir='ltr'><strong>de</strong></span> <span class='ocrx_word' id='word_1_386' title='bbox 1747 2598 1859 2643; x_wconf 81' lang='lat' dir='ltr'><em>Scri-</em></span> 
     </span>
     <span class='ocr_line' id='line_1_37' title="bbox 295 2662 1861 2735; baseline -0.003 -21"><span class='ocrx_word' id='word_1_387' title='bbox 295 2667 496 2735; x_wconf 81' lang='lat' dir='ltr'><strong>ptoribus</strong></span> <span class='ocrx_word' id='word_1_388' title='bbox 529 2683 577 2712; x_wconf 85' lang='lat' dir='ltr'><strong>ac</strong></span> <span class='ocrx_word' id='word_1_389' title='bbox 616 2666 906 2730; x_wconf 68' lang='lat' dir='ltr'><strong>&#39;Iypographir</strong></span> <span class='ocrx_word' id='word_1_390' title='bbox 950 2663 1288 2729; x_wconf 78' lang='lat' dir='ltr'><strong>antiquioribus,</strong></span> <span class='ocrx_word' id='word_1_391' title='bbox 1312 2669 1361 2710; x_wconf 86' lang='lat' dir='ltr'><strong>in</strong></span> <span class='ocrx_word' id='word_1_392' title='bbox 1397 2662 1654 2710; x_wconf 77' lang='lat' dir='ltr'><strong>Bibliotheca</strong></span> <span class='ocrx_word' id='word_1_393' title='bbox 1686 2662 1861 2727; x_wconf 78' lang='lat' dir='ltr'><strong>publica</strong></span> 
     </span>
     <span class='ocr_line' id='line_1_38' title="bbox 306 2725 1862 2798; baseline -0.004 -16"><span class='ocrx_word' id='word_1_394' title='bbox 306 2733 517 2798; x_wconf 78' lang='lat' dir='ltr'><strong>Fribergae</strong></span> <span class='ocrx_word' id='word_1_395' title='bbox 546 2739 756 2786; x_wconf 71' lang='lat' dir='ltr'><strong>inventis,</strong></span> <span class='ocrx_word' id='word_1_396' title='bbox 771 2732 928 2778; x_wconf 67' lang='lat' dir='ltr'><strong>ibidem</strong></span> <span class='ocrx_word' id='word_1_397' title='bbox 952 2737 1000 2778; x_wconf 88' lang='lat' dir='ltr'><strong>A.</strong></span> <span class='ocrx_word' id='word_1_398' title='bbox 1018 2737 1118 2786; x_wconf 82' lang='lat'><em>1726</em></span> <span class='ocrx_word' id='word_1_399' title='bbox 1135 2729 1263 2779; x_wconf 76' lang='lat' dir='ltr'><strong>edito.</strong></span> <span class='ocrx_word' id='word_1_400' title='bbox 1335 2733 1627 2778; x_wconf 78' lang='lat' dir='ltr'><strong>Florentinum</strong></span> <span class='ocrx_word' id='word_1_401' title='bbox 1649 2725 1862 2776; x_wconf 81' lang='lat' dir='ltr'><strong>subsecuta</strong></span> 
     </span>
     <span class='ocr_line' id='line_1_39' title="bbox 311 2794 1863 2861; baseline -0.002 -14"><span class='ocrx_word' id='word_1_402' title='bbox 311 2801 370 2848; x_wconf 81' lang='lat' dir='ltr'><strong>est</strong></span> <span class='ocrx_word' id='word_1_403' title='bbox 410 2798 716 2851; x_wconf 74' lang='lat' dir='ltr'><strong>Saturnalibus</strong></span> <span class='ocrx_word' id='word_1_404' title='bbox 751 2806 860 2850; x_wconf 81' lang='lat' dir='ltr'><strong>anni</strong></span> <span class='ocrx_word' id='word_1_405' title='bbox 892 2804 996 2861; x_wconf 75' lang='lat'><em>1496</em></span> <span class='ocrx_word' id='word_1_406' title='bbox 1033 2796 1163 2846; x_wconf 88' lang='lat' dir='ltr'><strong>editio</strong></span> <span class='ocrx_word' id='word_1_407' title='bbox 1198 2799 1457 2858; x_wconf 79' lang='lat' dir='ltr'><strong>Brixienst&#39;s,</strong></span> <span class='ocrx_word' id='word_1_408' title='bbox 1475 2796 1560 2858; x_wconf 82' lang='lat' dir='ltr'><em>fol.</em></span> <span class='ocrx_word' id='word_1_409' title='bbox 1604 2798 1674 2843; x_wconf 85' lang='lat' dir='ltr'><strong>cui</strong></span> <span class='ocrx_word' id='word_1_410' title='bbox 1709 2794 1863 2844; x_wconf 84' lang='lat' dir='ltr'><strong>additae</strong></span> 
     </span>
     <span class='ocr_line' id='line_1_40' title="bbox 1769 2863 1863 2914; baseline -0.021 0"><span class='ocrx_word' id='word_1_411' title='bbox 1769 2863 1863 2914; x_wconf 86' lang='lat' dir='ltr'><strong>sunt</strong></span> 
     </span>
    </p>
   </div>
  </div>
 </body>
</html>
