2064 3115
588 307 591 308 γ
781 214 917 297 ἕὲἵῐέῗὲ
990 218 1019 296 <
1056 220 1161 298 0)
1238 218 1374 298 {38}

207 355 357 436 buS,
396 375 498 435 ea,
533 375 693 444 quae
734 351 1048 442 praeclare
1088 354 1314 442 magis,
1369 376 1562 445 *quam
1594 380 1807 450 aperte
1832 382 1938 449 ge-

210 446 335 528 sta,
371 466 480 512 aut
527 441 820 511 mandata
860 442 1051 509 literis
1096 439 1373 526 fuerant,
1413 467 1574 536 quae
1625 473 1702 515 ue
1737 449 1937 519 fatum

208 538 359 606 hinc
395 531 673 622 effugere
717 532 893 599 suurn
931 534 1039 600 vix
1073 553 1404 623 poterant,
1445 538 1511 602 in
1548 469 1929 615 clarissimam

207 624 475 719 proferri
513 625 754 704 lucem,
804 623 956 715 quid
991 626 1147 691 novi
1181 627 1507 694 attulerint
1541 626 1619 693 ad
1676 631 1938 718 amplifi-

209 717 482 786 candum
534 716 929 782 scientiarum
973 715 1195 797 decuS,
1245 717 1468 809 quibus
1517 717 1829 808 praesidiis
1867 740 1935 788 et

206 807 602 878 adminiculis
639 806 804 871 illam
843 804 950 871 fibi
988 808 1262 875 nominis
1296 828 1363 876 et
1398 808 1730 876 doctrinae
1754 831 1935 877 com·

205 900 564 992 paraverint
616 894 1171 977 existimationem,
1216 922 1381 990 quos
1416 898 1706 967 fortunae
1751 920 1936 966 auto-

202 1015 301 1060 res
341 1010 404 1057 et
431 988 908 1065 conciliatores,
944 1009 1114 1079 *quos
1138 985 1336 1056 famae
1374 989 1700 1082 laudisque
1725 1013 1936 1058 aemu-

203 1084 299 1150 los
349 1082 507 1149 nacti
558 1077 676 1146 sint
725 1097 789 1145 et
836 1079 1326 1161 obtrectatoreS,
1369 1081 1524 1170 quid
1562 1081 1938 1150 excuderint

205 1173 423 1241 labore
475 1191 543 1238 et
586 1169 1192 1241 consummaverint,
1242 1171 1394 1262 quid
1435 1173 1811 1261 agitaverint
1846 1174 1938 1238 in-

202 1265 398 1355 genio
429 1259 1040 1352 conficiendumque
1078 1261 1445 1352 reliquerint
1482 1263 1641 1344 aliis,
1675 1265 1744 1330 in
1768 1264 1938 1330 noti-

203 1358 356 1424 tiam
391 1354 609 1421 venire
649 1352 966 1432 omnium,
991 1375 1113 1417 nec
1146 1373 1510 1441 temporum
1544 1354 1802 1437 injuriae
1826 1377 1938 1441 pe-

204 1449 373 1515 nitus
411 1444 690 1535 permitti
725 1440 1125 1514 abolendum.
1227 1441 1552 1508 Habemus
1581 1442 1796 1529 igitur,
1822 1464 1937 1507 cur

203 1560 343 1606 eam
366 1534 554 1602 nobis
591 1532 974 1622 gratulemur
1010 1531 1196 1598 seculi
1237 1531 1635 1613 felicitatem,
1682 1553 1816 1622 quo
1857 1553 1936 1598 ex

206 1626 543 1719 sepulchris
579 1625 696 1692 suis
740 1643 806 1690 et
842 1619 1328 1714 profundissimis
1363 1621 1639 1689 tenebris
1675 1622 1937 1689 excitati

206 1714 861 1813 praestantiffimorum
885 1714 1168 1781 virorum
1195 1714 1435 1780 cineres
1463 1711 1543 1779 ad
1565 1713 1758 1780 vitam
1786 1733 1939 1803 qua-

204 1811 253 1880 fi
303 1808 604 1888 redeunt,
661 1825 724 1873 et
772 1800 1119 1894 expreffam
1165 1802 1351 1871 nobis
1407 1804 1651 1872 virtutis
1709 1822 1774 1870 et
1824 1802 1938 1869 do-

208 1903 469 1982 ctrinae‚
490 1920 618 1991 qua
644 1898 808 1964 inter
834 1896 975 1964 suos
1006 1895 1161 1962 olim
1198 1895 1650 1977 inclaruerunt,
1692 1915 1955 1983 reprae-.

207 1994 453 2061 sentant
477 1990 830 2079 imaginem.
922 1985 1112 2054 Adeo
1135 1987 1294 2054 nihil
1318 1984 1449 2054 fere
1488 1987 1552 2053 in
1590 1982 1938 2052 commoda

208 2084 535 2174 decusque
581 2081 898 2148 literarum
954 2076 1305 2168 susceptum
1354 2076 1442 2145 est
1487 2099 1801 2169 unquam,
1832 2091 1941 2140 aut

208 2175 642 2263 excogitatum
665 2193 702 2236 a
724 2167 1093 2261 politiffimis
1116 2167 1561 2258 ingeniis‚nihil
1586 2185 1838 2234 aeterna
1853 2160 1942 2229 di-

211 2288 405 2357 gnum
432 2263 736 2332 memoria
757 2260 964 2328 doctis
989 2258 1339 2324 absolutum
1370 2258 1532 2324 curis
1570 2254 1792 2344 vigiliis
1844 2273 1942 2328 ue,

209 2357 368 2424 nihil
388 2352 730 2445 gloriosum
754 2351 959 2420 autori
990 2348 1121 2432 suo>
1133 2347 1390 2416 salutare
1406 2347 1582 2413 omni
1599 2344 1809 2435 generi
1871 2361 1940 2404 o-

208 2451 482 2528 minum,
511 2445 613 2514 vel
648 2444 807 2510 clam
846 2443 1183 2530 agitatum,
1208 2439 1310 2507 vel
1344 2438 1584 2506 dictum
1625 2435 1940 2503 factumve

213 2535 622 2631 palam,quod
648 2558 782 2603 non
810 2530 1300 2624 pertinaciffimis
1325 2528 1605 2621 posterae
1629 2521 1846 2587 aetatis
1861 2519 1942 2586 la-

213 2629 472 2700 boribus
510 2646 619 2698 aut
647 2624 1041 2697 vindicatum
1077 2623 1327 2694 strenue
1375 2621 1461 2691 ab
1485 2614 1771 2696 interitu,
1798 2610 1943 2710 scri-

1790 2719 1942 2793 ptis-
