2064 3115
273 216 1099 303 *ANGELITAMBROGI-NI
1165 215 1601 290 porx’r1AN1f'
1689 236 1767 282 ¹⁷⁷

1189 318 1758 341 -ι-ιο--Μ

110 413 113 422 -
142 402 169 413 ·=
200 380 299 429 linis
334 385 380 427 ὅ(
404 378 813 437 Jnnonileeorum
854 375 1001 421 locum
1040 372 1275 418 Saturnum'
1303 374 1349 418 δὲ
1380 372 1534 427 Jovem
1564 362 1758 415 sufficere

200 448 276 514 ipfi
301 445 435 495 visum
458 446 528 494 est;
576 446 634 489 Ita
656 446 771 488 enim
792 441 952 506 singula
975 439 1129 487 melius
1160 438 1407 504 faciliusque
1437 443 1613 483 noverat
1637 427 1760 477 versu

199 512 320 581 posse
343 515 541 578 exprimi.
609 506 784 568 Nescio,
819 526 873 555 an
904 509 1028 568 hujus
1053 511 1113 554 rei
1142 510 1336 562 veniam,
1371 517 1416 551 ut
1437 501 1589 570 sperat,
1619 502 1759 562 impe-

201 595 383 630 traturus
406 579 521 626 fitab
546 576 760 623 omnibus.
842 574 978 622 Multi
1013 579 1130 624 enim
1169 587 1264 622 tum
1303 572 1483 621 demum
1516 567 1758 632 judicabunt

202 652 308 698 boni
343 646 580 710 interpretis
611 642 785 690 laudem
815 647 1077 691 meriturum
1109 638 1232 689 fuiffe
1278 662 1315 690 M
1334 660 1361 690 0
1381 661 1413 689 N
1430 658 1454 687 E
1472 658 1502 687 ‘r
1522 657 1554 688 Α
1571 655 1609 683 M
1631 673 1646 692 ,
1681 632 1755 679 ubi

169 735 173 741 ·
205 717 358 766 Grae'cis
382 715 589 761 concinne
615 714 804 758 numeris
826 709 1081 774 respondere
1101 708 1261 771 jusserit
1288 728 1337 755 ea
1357 706 1565 772 ipsa,quae
1602 719 1760 752 enm!

171 785 175 796 '
205 799 259 835 c1
282 777 493 847 placuerat
513 777 774 843 confingere,
793 778 899 824 Non
921 780 1027 822 verti
1049 788 1165 829 tunc,
1187 775 1344 829 dicent,
1367 772 1564 837 qnando,
1586 769 1756 831 abjeclis

199 851 377 898 Antoris
404 847 675 904 fifflonibus,
711 862 843 893 novas
871 847 1176 908 excogitamus,
1245 843 1365 889 Mihi
1387 851 1502 886 certe
1523 841 1592 886 hie
1618 840 1755 900 magis

192 916 355 982 placeat
386 934 408 962 1>
427 934 454 962 o
476 933 499 962 L
520 934 535 961 1
559 931 590 960 T
609 931 625 960 1
641 933 671 962 Α
689 932 721 961 Ν
741 931 770 959 u
791 929 808 959 s
822 916 920 977 ,qui
956 909 1107 958 eadem
1137 912 1311 957 retinuit
1336 911 1537 956 Deorum
1557 906 1754 961 nomina,

192 1002 273 1032 nec
294 982 394 1031 ideo
418 981 651 1048 quidquam
682 985 917 1044 interprete
947 978 1073 1026 Gallo
1096 977 1360 1037 invenustior
1389 974 1570 1022 videtur.
1608 971 1754 1019 Habes

189 1051 348 1118 igitur,
380 1051 563 1104 Ledior,
586 1053 717 1097 trium
747 1046 1094 1095 dodliffimorum
1127 1049 1326 1093 virorum
1353 1043 1406 1091 de
1433 1042 1592 1091 eodem
1629 1055 1756 1105 argu-

190 1112 343 1169 mento
366 1115 558 1178 labores,
594 1115 776 1165 alterum
800 1115 937 1163 altero
966 1115 1303 1179 elegantiorem,
1332 1111 1525 1178 ‘fingulos
1558 1109 1758 1156 habentes

189 1190 459 1253 praecipuum
481 1184 639 1252 aliquid
659 1204 705 1231 ac
728 1184 949 1250 singulare.
1020 1182 1213 1230 Palmam
1235 1185 1279 1228 in
1310 1180 1457 1228 medio
1482 1177 1664 1244 potitam
1692 1192 1759 1223 re-

191 1255 342 1320 linquo
369 1274 382 1312 3
430 1253 565 1301 modo
611 1273 634 1301 P
657 1271 684 1301 ο
702 1272 727 1301 1.
744 1273 758 1300 1
778 1272 809 1301 Τ
829 1271 844 1298 1
866 1270 899 1299 A
916 1270 949 1299 N
966 1269 995 1298 u
1019 1269 1038 1298 s
1079 1268 1198 1297 meus
1221 1268 1314 1297 non
1337 1246 1610 1295 defraudetur
1633 1240 1758 1291 laude

192 1319 276 1371 sua·
344 1321 407 1367 Ut
429 1324 544 1367 enim
570 1321 740 1386 largiar,
760 1318 954 1384 quaedam
975 1319 1026 1365 ab
1052 1318 1128 1366 illo
1150 1315 1272 1364 reddi
1317 1312 1515 1381 potuisse>
1533 1326 1604 1359 aut
1637 1327 1760 1358 accu-

192 1391 339 1442 ratius,
363 1400 433 1436 aut
454 1388 684 1453 elegantius
708 1407 720 1445 3
755 1401 926 1442 tamen,
947 1404 1049 1433 cum
1077 1389 1244 1450 primus
1272 1382 1419 1439 fuerit,
1442 1386 1484 1429 ni
1507 1380 1661 1433 fallor,
1683 1381 1758 1444 qui

144 1465 148 1469 “
192 1459 279 1502 hue
329 1459 526 1500 animum
578 1455 791 1517 appulerit
816 1490 830 1507 ‚
875 1453 1022 1500 officio
1063 1451 1140 1500 suo
1182 1452 1275 1500 satis
1320 1450 1544 1498 defunestus
1589 1448 1763 1513 egregie

190 1521 370 1568 videtur.
441 1522 595 1584 Neque
618 1518 844 1566 defuerunt
865 1523 1066 1572 omnino,
1104 1520 1254 1584 quibus
1288 1535 1390 1564 cum
1424 1515 1570 1581 plausu
1605 1521 1650 1562 ὅ(
1679 1531 1756 1560 vo-

189 1587 352 1652 luptate
383 1585 556 1652 excepta
579 1588 670 1633 haec
690 1585 862 1635 fuerint.
910 1586 1034 1632 Talis
1066 1584 1125 1632 est
1165 1606 1201 1634 M
1219 1604 1233 1633 1
1251 1601 1274 1633 c
1296 1603 1328 1632 H
1346 1603 1378 1632 A
1396 1603 1420 1632 E
1444 1603 1468 1631 L
1524 1601 1548 1630 B
1566 1601 1588 1631 E
1607 1601 1640 1630 N
1658 1601 1688 1630 Τ
1707 1599 1724 1626 1
1737 1608 1755 1618 -

189 1673 262 1703 Nu
277 1658 400 1727 s,qui
422 1657 468 1702 in
489 1654 797 1717 Animadvers
815 1654 879 1702 ad
899 1671 1069 1702 PEROT
1085 1672 1114 1700 T
1128 1673 1142 1700 1
1171 1659 1307 1702 Cornu
1322 1658 1467 1720 Cophe,
1481 1656 1760 1719 Epigramma

189 1726 372 1778 Pulicis,
385 1729 565 1790 antiqui
586 1726 738 1778 Poeta,
759 1725 841 1779 ait,
867 1730 976 1789 pari
1009 1722 1211 1785 versuum
1246 1739 1421 1770 numero
1455 1721 1504 1770 Εἴ
1534 1719 1757 1779 venustate

178 1809 369 1858 graecum
392 1792 571 1855 fac‘t'um
594 1790 646 1837 ab
675 1792 836 1856 Angelo
860 1792 1088 1838 Palmam.
1160 1791 1277 1855 Qin
1311 1786 1398 1853 ipse
1447 1808 1483 1836 M
1504 1805 1532 1835 ο
1551 1806 1581 1835 Ν
1602 1806 1626 1834 E
1645 1805 1674 1834 T
1695 1804 1724 1833 A
1744 1823 1758 1845 ,

189 1877 213 1906 a
253 1875 341 1924 qno
377 1859 562 1906 diximus
596 1871 740 1906 notata
772 1857 1003 1913 nonnulla,
1052 1857 1183 1917 fateri
1217 1854 1389 1905 necesse
1419 1857 1562 1902 habuit
1595 1857 1623 1902 l.
1650 1872 1682 1902 ε.
1710 1869 1757 1918 p.

187 1945 304 1986 442,
318 1943 408 1974 non
445 1930 611 1992 exiguae
642 1926 685 1973 id
718 1925 869 1992 gloriae
902 1924 1058 1973 cedere
1096 1945 1118 1973 P
1136 1945 1162 1973 o
1179 1944 1201 1972 L
1220 1944 1235 1971 1
1255 1943 1285 1972 Τ
1302 1945 1315 1972 1
1332 1944 1363 1974 A
1380 1944 1410 1972 N
1431 1943 1458 1972 o
1473 1961 1485 1977 ‚
1520 1922 1637 1988 qnod
1670 1938 1760 1967 car-

189 1998 317 2053 minis
341 2006 430 2041 tam
455 1994 617 2041 venusti
639 1995 868 2059 pulchram
899 1992 990 2041 {atis
1025 1992 1187 2040 dederit
1221 1996 1652 2056 interpretationem3
1691 1988 1756 2035 id-

159 2125 161 2127 *
187 2078 271 2125 que
294 2063 432 2108 Graeci
453 2060 663 2108 ‘sermonis
687 2066 848 2125 eopiae,
871 2079 951 2125 qna
983 2059 1206 2107 abundavit
1242 2078 1420 2107 rom'ri
1435 2075 1577 2105 ANUS
1594 2094 1608 2111 ‚
1628 2061 1754 2106 unice

188 2127 280 2181 sere
315 2127 587 2188 ,tribuendum
610 2140 742 2190 putat.
775 2126 935 2188 Qiodfi
958 2139 1102 2173 tamen
1123 2125 1226 2179 sint,
1249 2129 1323 2188 qui
1344 2126 1399 2171 ob
1434 2127 1541 2172 levia
1564 2125 1658 2179 ilia,
1685 2135 1758 2170 aut

189 2195 380 2260 neglecta
411 2194 486 2249 ibi,
521 2208 588 2240 aut
612 2190 912 2258 p'raetermiffa,
939 2211 1119 2240 omnem
1144 2192 1314 2258 prorsus
1335 2192 1619 2254 abjiciendum
1639 2192 1756 2238 labo-

188 2281 283 2310 rem
318 2275 467 2327 pntent
492 2278 506 2319 3
576 2263 670 2313 hoe,
704 2260 913 2315 velim,ad
936 2260 1071 2308 simile
1106 2278 1214 2325 opus
1241 2258 1281 2307 se
1315 2264 1560 2326 accingere,
1584 2273 1632 2307 ut
1654 2277 1758 2324 pro-

188 2334 282 2396 pria
315 2329 492 2377 deinum
528 2333 786 2395 experientia
815 2327 996 2384 discant,
1018 2334 1147 2396 quam
1177 2327 1340 2375 facilius
1378 2328 1424 2376 fit
1453 2333 1500 2376 in
1529 2331 1596 2376 his
1629 2328 1756 2376 rebus

187 2399 333 2446 videre
353 2397 552 2452 meliora,
575 2416 703 2462 quam
740 2397 971 2462 perficere.
1044 2397 1187 2444 Multa
1218 2399 1335 2444 enim
1364 2400 1408 2443 in
1431 2410 1659 2445 numerato
1681 2399 1756 2443 ha-

187 2468 297 2521 beat,
326 2464 487 2514 neceffe
510 2466 582 2520 esi,
603 2469 674 2531 qui
699 2468 858 2512 Graeci&
886 2468 1075 2514 numeris
1105 2465 1285 2513 reddere
1305 2470 1492 2513 carmina
1515 2467 1662 2512 Latina
1689 2468 1755 2512 in-

184 2535 340 2589 stituit.
445 2538 494 2580 In
528 2535 694 2598 Ephem.
724 2533 846 2583 liter.
873 2536 988 2600 Belg.
1020 2535 1302 2595 Maendelyks
1337 2534 1594 2598 Uictreksels
1640 2538 1756 2581 Anni

159 2636 161 2638 -
186 2609 280 2659 1716.
321 2604 462 2664 Mans
501 2602 663 2649 Offobr.
701 2604 840 2649 Poetae
879 2607 1007 2650 etiam
1040 2602 1180 2668 Belgae
1222 2605 1478 2657 invitantur,
1514 2614 1560 2648 ut
1578 2639 1590 2656 ‚
1631 2618 1754 2648 com-

181 2673 335 2735 paratis
358 2675 469 2717 inter
491 2668 530 2716 se
552 2671 713 2717 horum
724 2670 1088 2732 Trinmvirorum
1119 2670 1544 2736 interpretationibus
1573 2671 1751 2727 Latinis,

183 2738 408 2788 vernacula
430 2737 525 2806 ipliS
547 2737 690 2805 lingua
715 2752 881 2795 vertere
897 2743 1177 2808 Epigramma
1217 2758 1240 2787 P
1260 2758 1287 2786 u
1310 2759 1334 2789 1.
1351 2759 1365 2790 1
1381 2755 1406 2790 c
1425 2758 1439 2786 1
1461 2758 1480 2789 s
1518 2750 1754 2792 conentur,

980 2811 1030 2869 A<
1041 2836 1064 2868 a
1114 2834 1138 2879 3
1632 2830 1747 2864 tum-
