2064 3115
225 188 313 240 448
725 187 1124 229 HISTORIA
1184 187 1387 227 vlTAE

235 263 1320 286 ffi———ss—
1330 261 1897 277 -Ἥι--υ-υ

339 310 471 357 fuerit
502 304 810 374 superstitiosus
830 306 1173 373 quodammode,
1205 324 1335 371 quam
1373 304 1560 352 curiosus
1593 314 1791 356 ominum
1826 309 1901 355 ob-

338 374 556 431 servator,
592 374 708 440 quod
740 374 879 441 ipsum
911 378 963 422 ab
987 380 1230 424 Atheorum
1259 377 1434 440 ingenio
1471 373 1601 438 longe
1630 375 1689 420 est
1712 375 1895 422 alienissi-

342 461 468 492 mum
483 478 497 497 ,
521 442 706 489 testatur.
755 484 757 487 .
787 446 810 500 J
827 461 854 506 o
873 461 906 491 A
920 463 952 492 N
968 463 999 492 N
1018 463 1041 493 E
1059 463 1096 491 M
1147 461 1170 490 1²
1195 462 1209 489 1
1231 460 1255 491 c
1275 461 1303 489 υ
1323 462 1359 490 Μ
1375 471 1388 496 ‚
1425 440 1778 488 Mirandul'anum
1812 443 1901 487 Du-

344 528 468 563 cem,
505 512 696 557 amicum
725 509 801 557 fibi
831 510 1260 572 ‘conjuncffiffimunh
1279 512 1338 556 cb
1372 507 1419 556 id
1446 510 1646 572 inprimis
1678 505 1816 555 laudat
1858 512 1905 553 iu

342 576 536 642 Epistola
569 575 620 623 ad
667 596 777 625 MAR
792 596 811 625 s
831 597 846 624 1
866 598 890 625 L
907 598 920 625 1
940 596 968 624 υ
988 597 1025 626 Μ
1076 595 1101 625 F
1121 596 1138 624 1
1158 594 1183 624 c
1201 596 1216 624 1
1232 596 1263 625 N
1280 595 1310 624 u
1330 597 1366 626 M
1382 613 1395 631 ‚
1432 576 1523 625 Lib.
1538 581 1600 625 IX.
1626 579 1697 641 fp.
1711 591 1766 635 13,
1791 572 1907 639 quod

335 645 491 707 fizcras
525 662 662 690 omnes
706 647 860 692 literas
897 659 1098 700 enarret,
1135 650 1179 692 ἀ
1210 645 1416 707 adverstts
1435 646 1620 704 ‘Ecclest'ae
1639 642 1805 708 septem
1839 641 1906 688 ho·
1987 672 1993 675 -

335 712 423 772 stes
461 711 629 758 direc‘ffa
660 713 814 774 fronte
844 713 1051 759 decertet.
1143 713 1348 759 Similiter
1380 717 1424 759 in
1462 712 1562 757 filiis
1616 730 1680 777 Jo
1700 729 1728 758 A
1747 729 1780 757 N
1799 727 1830 756 N
1848 727 1862 755 1
1882 725 1902 754 s

352 795 422 827 ΤΕ
443 797 454 825 1
472 796 501 826 x
519 797 534 825 1
550 796 625 826 ΜΞ
640 816 654 835 ,
689 780 943 825 cancellarii
964 779 1206 832 Lufflanici,
1229 779 1330 824 ficut
1360 778 1456 822 alias
1478 782 1678 831 virtutes,
1713 780 1768 821 ita
1800 773 1905 822 iliud

345 847 564 910 inprimis,
584 845 858 893 commendat
890 850 934 891 in
965 846 1089 909 Epist.
1120 843 1181 892 ad
1221 863 1251 890 T
1271 864 1296 891 -E
1316 864 1327 890 1
1349 863 1376 890 x
1394 863 1408 890 1
1429 862 1454 890 R
1474 862 1504 892 A
1521 862 1558 891 M
1575 879 1587 897 ‚
1630 841 1772 891 Lib.X.
1786 847 1907 909 Epff,

346 911 463 978 quod
500 913 604 958 aedes
639 913 833 977 quotidie
855 912 1012 973 sacras
1029 913 1325 978 frequentent.
1397 914 1602 957 Praeterea
1634 910 1793 973 divinas
1817 913 1907 955 lite·
1993 931 1999 935 ·

347 996 413 1025 ras
459 985 695 1024 veritatem
737 984 907 1025 unica-m
947 977 1047 1024 dicit
1090 982 1134 1024 in
1174 978 1319 1025 libello
1359 978 1420 1025 ad
1460 996 1484 1024 L
1507 997 1536 1026 A
1553 997 1580 1024 υ
1601 996 1627 1024 R
1645 997 1668 1025 E
1687 997 1721 1024 N
1740 997 1771 1026 'r
1791 995 1807 1024 ι
1828 995 1856 1023 u
1870 995 1905 1023 M

352 1062 391 1092 M
410 1062 435 1092 Ε
456 1062 483 1091 D
504 1063 518 1090 ι
535 1062 559 1092 e
580 1063 603 1092 E
624 1062 660 1091 M
678 1080 692 1099 ,
727 1045 778 1091 cle
803 1049 877 1092 Ira
899 1052 944 1092 in
971 1052 1119 1112 pueris
1141 1053 1303 1112 optimae
1321 1046 1432 1112 saepe
1462 1046 1618 1109 indolis
1638 1058 1908 1110 augumento.
1997 1038 2002 1041 “

327 1111 547 1177 ⁴Denique
572 1109 771 1158 >adversus
798 1131 978 1159 omnem
1010 1114 1222 1160 Atheismi
1263 1112 1543 1178 suspicionem
1580 1112 1796 1159 fortiflimi
1829 1109 1910 1158 effe

348 1179 450 1224 loco
493 1182 752 1226 munimenti
785 1178 895 1241 juffit
935 1182 1130 1227 Graecam
1160 1181 1305 1233 illam,
1343 1184 1533 1227 carmine
1564 1177 1828 1244 expressam,
1860 1178 1911 1224 ad

348 1246 497 1292 Deum
539 1249 783 1292 orationem
805 1283 819 1301 ,
866 1266 960 1312 quae
1002 1248 1132 1294 exstat
1176 1251 1222 1295 in
1261 1248 1497 1295 Volumine
1531 1251 1910 1314 Lpz‘grammatum

349 1315 588 1360 Graecorum
625 1332 648 1359 ι’
666 1332 693 1361 o
714 1331 738 1359 L
759 1331 776 1360 1
792 1332 822 1361 T
840 1333 855 1360 1
875 1333 904 1363 A
924 1334 957 1362 N
976 1333 990 1361 1
1014 1334 1027 1373 3
1063 1333 1209 1380 quam,
1234 1316 1307 1362 ubi
1337 1315 1506 1380 legeris,
1532 1314 1663 1380 (quid
1685 1314 1802 1361 enini
1827 1316 1911 1360 huc
1974 1314 1976 1316 ’

349 1392 488 1427 totam
520 1379 787 1438 transferam,
810 1400 903 1447 quae
923 1387 1033 1429 inter
1064 1383 1223 1449 reliqua
1261 1403 1283 1432 Ρ
1300 1402 1327 1431 0
1344 1403 1367 1430 L
1382 1400 1398 1429 1
1414 1402 1445 1431 ‘r
1465 1403 1484 1430 1·
1500 1402 1530 1430 A
1550 1401 1582 1428 N
1602 1402 1616 1428 1
1655 1379 1803 1443 scripta
1826 1384 1912 1425 cui-

350 1446 451 1494 libet
484 1452 696 1512 expetenti
718 1454 890 1512 patet?)
914 1453 971 1496 ita
1006 1463 1302 1514 comparatam
1326 1449 1454 1502 dices,
1476 1462 1521 1493 ut
1541 1449 1591 1494 ab
1613 1450 1792 1494 homine
1815 1446 1909 1492 reli—

350 1514 601 1579 giofiffimo,
625 1533 776 1580 resque
812 1514 902 1562 suas
937 1534 1089 1563 omnes
1130 1515 1184 1562 ad
1214 1516 1405 1564 divinam
1447 1513 1767 1580 providentiam
1803 1512 1912 1560 refe·

349 1594 488 1640 rente,
521 1582 631 1631 nihil
662 1581 786 1632 scribi
818 1582 998 1631 sandiius
1035 1587 1240 1650 potuerit.
1704 1596 1708 1604 ⁷

952 1716 1017 1806 ἕ·
1082 1738 1186 1804 19·

401 1849 644 1918 Forma
667 1851 983 1938 corporiS,
1005 1850 1369 1939 habituque
1408 1849 1559 1930 oriS,
1585 1846 1632 1916 P
1660 1848 1725 1917 O
1750 1849 1808 1917 L
1834 1850 1863 1916 I
1888 1895 1911 1907 -

238 1938 359 2008 TI
386 1939 537 2007 AN
561 1940 625 2005 U
651 1939 692 2007 S
752 1962 874 2006 nec
915 1941 1163 2008 decoro
1203 1937 1346 2007 satis
1374 1990 1391 2021 ,
1419 1961 1540 2008 nec
1577 1936 1720 2006 satis
1757 1939 1912 2007 libe·

236 2029 353 2097 rali
376 2082 394 2112 ,
433 2026 559 2096 fuit
585 2080 602 2110 ,
637 2026 793 2097 naso
845 2031 1087 2119 quippe
1127 2031 1428 2111 enormi,
1461 2026 1915 2119 *subluscoque

236 2121 432 2197 oculo
467 2170 485 2204 ‚
534 2119 601 2187 &
655 2121 909 2202 cervice
971 2119 1311 2208 paululum
1358 2118 1641 2202 reflexa,
1688 2121 1914 2209 praedi-

237 2227 358 2277 tus,
397 2209 530 2296 (a)
610 2208 740 2277 Sed
788 2212 1086 2299 corporis
1136 2209 1278 2298 h'asj'
1306 2206 1586 2278 maculas
1637 2212 1912 2298 egregiis

236 2299 439 2367 animi
486 2298 839 2368 virtutibus
905 2298 1046 2391 (b)
1095 2299 1588 2390 compensavit,
1637 2320 1914 2391 quarum

234 2390 341 2457 vel
378 2390 730 2478 praecipuas
768 2393 1186 2469 nominamus
1225 2391 1740 2460 ardentifflmum
1779 2389 1911 2476 ejus

236 2480 320 2547 de
363 2480 560 2547 literis
610 2480 912 2568 praeclare
957 2483 1258 2550 merendi
1292 2482 1608 2566 studium,
1661 2482 1785 2569 (c)
1842 2481 1909 2548 &

238 2590 395 2655 erga
432 2570 709 2638 obvium
755 2593 1085 2660 quemque
1132 2573 1612 2641 humanitatem
1643 2569 1907 2638 'officio-

238 2659 614 2763 fitatemque
657 2662 1120 2735 incredibilem.
1154 2663 1307 2756 (d)
1335 2751 1357 2767 ,Ι
1383 2661 1645 2746 Adhaec²
1674 2681 1801 2819 quzlt
1839 2662 1908 2728 in

1689 2771 1770 2820 co
1796 2772 1906 2820 en·
