2064 3115
600 233 734 310 aa
813 229 838 309 <
914 252 951 289 0
1027 233 1052 302 >
1130 229 1392 336 *aa*

89 365 343 444 remUS,
365 360 462 444 ἃ,
492 361 531 427 fi
561 367 688 448 qu'a
715 355 1135 445 suppeterent
1159 358 1250 439 ei,
1277 371 1512 444 utpote
1527 362 1759 427 rerum

86 455 446 543 patriarum
484 446 866 536 peritiffimo
892 498 910 530 ,
977 469 1119 536 quae
1167 445 1287 514 esse
1325 445 1577 535 possent
1610 466 1647 511 e
1685 464 1760 511 re

84 543 338 624 nostra,
373 542 540 606 eain
564 538 762 607 decus
799 539 1208 626 gloriamque
1237 539 1519 626 aliquam
1544 535 1761 622 gentis

84 631 210 702 suae
249 630 614 697 nobiscum*
643 628 970 698 benevole
1007 630 1560 709 communicaret,
1603 644 1760 693 con-

84 721 507 792 tenderemus
534 719 616 787 ab
643 741 726 788 eo
757 718 1230 803 verecundius·⁷
1276 717 1402 798 ille,
1440 733 1757 803 tanquam

84 812 400 893 exultanS,
425 809 509 877 ad
545 831 724 880 nova
758 805 822 888 se
861 810 1216 878 invitatum
1256 807 1324 873 in
1371 822 1759 874 exterorum

78 901 298 970 literas
326 902 592 980 merita,
622 901 838 970 redire
863 901 1076 969 statim
1113 900 1196 966 ad
1227 918 1349 965 nos
1382 892 1554 981 juffit
1590 915 1758 962 nun·-

81 992 268 1074 tium,
296 993 428 1081 qui,
445 992 634 1060 valde
658 992 772 1059 fibi
797 993 1052 1080 placere
1077 988 1409 1058 confilium
1436 986 1759 1068 nostrum,

78 1082 179 1166 ἃ,
204 1099 281 1149 ut
302 1083 847 1169 intelligeremu8‚
892 1078 1096 1148 musas
1137 1079 1389 1146 nostras
1428 1076 1539 1143 fibi
1574 1071 1760 1143 fuiffe

78 1172 760 1255 commendatiffimaS,
791 1171 954 1240 nihil
987 1169 1051 1239 se
1080 1172 1476 1239 intentatum
1503 1164 1758 1234 relistu-

78 1284 263 1346 rum,
300 1265 612 1332 certiores
668 1285 790 1331 nos
823 1261 1085 1330 faceret.
1158 1261 1366 1350 sQiss
1407 1260 1497 1325 ita
1533 1256 1595 1324 fe
1637 1277 1756 1326 no-

79 1353 190 1436 stri
214 1367 563 1431 amantem,
589 1354 681 1418 ita
706 1353 908 1418 nostri
943 1347 1319 1431 studiosum,
1345 1347 1654 1436 praebuit,
1679 1362 1757 1415 ut

76 1441 161 1508 ad
189 1442 521 1507 literarum
561 1438 1089 1525 jucundiffimum
1128 1440 1601 1505 commercium
1629 1458 1755 1503 nos

75 1530 487 1612 admitteret,
522 1529 704 1614 cujus
737 1551 812 1596 ea
847 1531 913 1595 in
944 1549 1066 1596 nos
1095 1528 1547 1595 redundarent
1573 1547 1755 1593 com-

75 1620 297 1702 moda,
312 1636 403 1703 ut,
428 1620 468 1686 fi
494 1622 651 1709 quid
677 1642 757 1687 ex
785 1615 1209 1708 copiofiffima
1234 1616 1546 1685 doctrina:
1567 1616 1754 1704 ipfius

74 1710 405 1799 expectari
428 1709 632 1799 poffet
645 1708 1220 1798 supellectilestllud
1237 1708 1439 1776 libere
1454 1706 1647 1776 nobis
1660 1723 1756 1775 at-

75 1823 208 1890 que
234 1803 461 1870 nostro
488 1801 778 1891 quodam
816 1799 959 1886 jure
988 1797 1402 1888 posceremus
1430 1797 1753 1869 exhiberi.

73 1891 178 1959 Eo
207 1915 289 1959 ex
316 1910 619 1981 tempore
645 1894 872 1960 omnia
909 1892 1100 1959 nobis
1138 1887 1479 1958 successere
1515 1912 1597 1956 ex
1633 1910 1754 1957 vo-

73 1997 167 2065 t0,
194 1991 334 2065 nec,
363 1983 545 2070 quod
573 1985 639 2050 in
667 1981 960 2070 suscepto
985 1982 1259 2067 negotio
1297 2002 1419 2048 nos
1456 2000 1752 2048 remora-

74 2072 133 2134 ri
154 2074 429 2155 amplius
453 2075 774 2157 potuerit,
803 2071 1133 2138 obveniffe
1170 2071 1364 2137 nobis
1389 2069 1751 2156 quidquam

75 2159 524 2225 recordamur.
564 2160 1007 2226 Intelleximus
1028 2158 1262 2225 scilicet
1287 2156 1593 2244 exemplo
1619 2179 1748 2225 no-

75 2247 228 2330 str0‚
256 2270 452 2335 quam
479 2248 654 2314 bene
683 2247 1044 2314 consultum
1073 2248 1142 2313 fit
1166 2249 1239 2318 iis
1257 2298 1274 2330 ‚
1305 2247 1545 2335 quibus
1573 2269 1746 2314 curat

73 2333 222 2404 sunt
249 2339 464 2419 literar,
495 2338 534 2404 fi
558 2338 641 2405 ad
668 2336 1021 2406 hominum
1042 2335 1212 2425 fama
1245 2337 1311 2404 δι
1340 2335 1636 2405 dostrina
1676 2337 1745 2405 il-

72 2426 368 2495 lustrium
425 2426 488 2495 se
541 2430 800 2517 penitus
858 2426 1316 2496 auctoritatem
1365 2424 1431 2496 ἃ
1485 2426 1744 2497 confilia

70 2536 499 2605 componant.
596 2520 688 2586 Ut
714 2519 889 2586 enim
913 2517 1075 2586 nihil
1094 2518 1225 2604 jam
1250 2536 1617 2586 memorem
1658 2519 1742 2586 de

71 2610 165 2692 iis,
190 2631 333 2698 quae
369 2607 503 2698 ipse
543 2611 626 2677 de
663 2607 808 2678 fatis
839 2612 1218 2699 meritisque
1268 2607 1741 2679 POLITIA-

71 2699 200 2785 NI,
247 2721 332 2768 ex
369 2701 635 2790 optimis
678 2702 1028 2790 conquifita
1067 2697 1530 2789 Scriptoribus,
1565 2700 1738 2768 bene

712 2791 786 2883 )<
824 2792 897 2883 ><
932 2791 1007 2884 ><
1042 2791 1114 2882 ><
1163 2814 1199 2861 2
1578 2790 1738 2861 mul-
