1960 3135
206 264 292 314 628
303 289 311 296 ··

211 348 575 368 μ

693 249 1437 318 nrs‘ronmsvi‘rffi-

325 401 471 465 quenti
489 411 714 447 mortuum
735 396 1239 464 suspicatu'rnERNARnL
1267 419 1328 450 »E
1359 419 1427 450 LA
1453 395 1765 451 monno'xrss'in
1789 411 1871 454 No-

324 473 387 515 tis
417 466 479 513 ad
514 484 547 515 A
566 484 657 519 DR.
708 485 733 523 Β
753 486 990 517 AILLET
1010 488 1026 516 1
1047 471 1177 534 ‡Jug.
1211 470 1285 516 des
1317 474 1417 523 Sav.
1445 473 1488 517 L.
1514 473 1591 517 IV.
1616 473 1711 517 P.I.
1730 475 1783 535 p.
1806 491 1868 530 91.

323 548 413 584 not.
437 553 464 584 1.
487 537 589 596 Ejus
609 539 655 581 in
677 553 839 600 magno
863 540 1005 600 pretio
1030 535 1178 602 paffiin'
1199 537 1311 584 Italis
1329 538 1506 584 habetur
1530 538 1719 586 Carmen
1742 554 1869 584 venu-

299 603 301 605 ’
322 601 435 648 sium
459 606 505 649 &
526 602 882 668 magnificmmjl
904 610 1134 671 Morgantc
1163 606 1202 652 u‘l
1234 606 1460 670 Maggiore
1479 602 1756 669 inscriptum,
1780 623 1868 675 quo

321 669 429 717 bella
460 669 643 717 Orlandi
668 675 715 719 ὅ(
744 671 938 726 Rinaldi,
975 673 1200 739 aulamque
1231 673 1379 719 Caroli
1405 671 1800 738 Magnispulc'hre
1833 677 1868 720 is

318 741 591 804 graviterque
612 742 735 785 canit.
805 743 1026 804 Scriptum
1045 740 1104 787 est
1126 758 1178 787 eo
1203 744 1402 788 carminis
1424 758 1605 806 genere,
1620 739 1739 805 quod
1761 741 1871 788 italis

257 844 271 849 ,
294 810 430 853 -rima
454 806 602 852 od’tava
625 820 815 862 vocatur,
837 809 940 855 odio
965 812 1010 855 &
1036 812 1187 873 viginti
1219 809 1406 855 cantibus
1429 809 1689 854 diffinitum.
1761 810 1804 854 N
1810 809 1870 855 ul·
1908 828 1917 839 ³

255 897 268 902 ·
316 873 368 921 lis
389 876 460 921 hic
483 875 645 940 legibus
678 878 776 921 artis
810 874 1029 921 adstrinxit
1052 873 1092 921 se
1115 877 1260 932 Poeta,
1283 890 1361 922 nec
1385 876 1601 930 locorum,
1631 882 1731 922 ‘nec‘
1750 889 1864 924 tem·

315 959 480 1008 porum
502 946 716 989 rationem
738 943 911 995 habens,
930 946 1099 989 comica
1130 961 1232 990 cum
1263 947 1433 1009 tragicis
1460 942 1767 998 comustscem,
1791 962 1870 991 nec

313 1026 464 1057 cavens
485 1009 558 1055 fibi
579 1028 601 1054 a
627 1010 955 1063 narrationibus,
980 1008 1074 1075 quae
1096 1010 1175 1056 fint
1207 1026 1229 1055 a
1262 1010 1626 1058 verisimilitudine
1657 1012 1786 1076 longe
1819 1029 1862 1058 a·

313 1075 562 1127 l'ienissimae.
635 1078 840 1139 Quorum
869 1076 940 1123 etii
972 1082 1042 1123 vix
1067 1081 1187 1124 venia
1208 1075 1534 1143 ‘spera‘ri‘poffit
1566 1078 1720 1124 nostrae
1741 1083 1868 1125 aetatis

312 1147 471 1201 Poetis,
494 1147 535 1190 in
572 1162 639 1191 ru
657 1163 682 1190 L
704 1162 728 1192 c
747 1163 805 1192 10
835 1157 979 1191 tamen
1011 1145 1136 1192 facile
1164 1146 1424 1204 tolerantur,
1452 1150 1612 1211 quippe
1643 1149 1742 1192 vitia
1776 1149 1866 1195 haec

311 1216 512 1259 carminis
539 1211 754 1277 praeclaris
794 1213 941 1259 multis
968 1214 1227 1268 virtutibus,
1271 1218 1467 1278 inprimis
1501 1217 1644 1260 nativo
1679 1214 1869 1279 quodam

311 1280 478 1345 lepore,
500 1283 542 1327 ὅ(
569 1284 732 1345 ingenii
753 1284 920 1345 vigore,
943 1279 1258 1352 corn-pensante.
1328 1284 1434 1329 Non
1456 1278 1548 1328 satis
1569 1280 1672 1336 scio,
1697 1281 1801 1329 fitne
1820 1301 1870 1330 o-

312 1352 483 1395 mnium
509 1352 647 1413 prima
670 1352 870 1396 carminis
892 1351 1013 1411 hujus
1024 1342 1190 1404 editio,
1213 1367 1342 1415 quam
1371 1352 1596 1398 Florentia
1618 1353 1668 1399 A.
1683 1357 1794 1409 1500,
1822 1371 1869 1412 4,

310 1416 567 1482 publicatam
592 1414 759 1481 profert
774 1435 901 1466 on.
930 1435 994 1466 BA
1008 1434 1023 1461 1
1037 1435 1224 1466 nri-:Tus
1243 1419 1269 1465 l.
1285 1436 1316 1467 c.
1331 1435 1343 1479 3
1358 1413 1472 1466 c'erte
1490 1421 1776 1482 antiquiorem
1791 1422 1869 1466 hac

310 1502 522 1550 nusquam
553 1483 768 1532 obvenisse
791 1489 899 1532 mihi
921 1490 1116 1532 memini.
1187 1485 1467 1534 Recentiores
1488 1487 1725 1533 Vero'bene
1756 1487 1868 1534 mul·

310 1566 362 1600 tae
383 1551 636 1617 suppetunt,
658 1557 702 1599 in
724 1555 875 1620 quibus
899 1552 1229 1616 praessantiffima
1253 1555 1447 1611 habetur,
1481 1556 1573 1619 quae
1600 1553 1759 1619 prodiit
1795 1560 1873 1602 Ve-

308 1628 440 1670 netiis
465 1625 513 1668 A.
539 1637 644 1680 1550,
666 1619 766 1668 cum
799 1621 1146 1686 explicationibus
1181 1639 1243 1688 Jo
1261 1640 1291 1671 A
1311 1641 1343 1669 N
1363 1641 1395 1670 N
1414 1640 1429 1667 1
1446 1639 1466 1668 s
1517 1639 1540 1667 1>
1557 1640 1584 1668 u
1599 1639 1624 1667 ι.
1643 1638 1668 1668 c
1689 1639 1703 1666 1
1723 1641 1737 1668 1
1752 1656 1766 1676 ‚
1795 1625 1868 1686 qui

308 1689 393 1737 fuit
411 1707 546 1754 nepos
570 1704 861 1748 Lunovicr.)
889 1688 1034 1750 Hujus
1059 1691 1192 1754 igitur
1214 1690 1429 1736 Carminis
1457 1706 1556 1734 cum
1575 1687 1707 1753 vulgo
1728 1687 1870 1751 AtitOr

308 1757 473 1805 dicatur
506 1776 529 1806 ι’
547 1776 574 1804 u
593 1776 618 1804 L
639 1774 665 1804 c
685 1776 701 1803 1
720 1775 748 1803 u
767 1775 806 1814 s,
840 1762 1010 1821 ejusque
1032 1774 1198 1804 nomen
1217 1755 1267 1803 ad
1288 1759 1404 1804 hunc
1423 1773 1555 1821 usque
1574 1755 1691 1803 diem
1724 1753 1869 1803 inscri-

309 1839 435 1892 ptum
457 1829 639 1890 carmini
660 1825 853 1890 legatur3
886 1822 1006 1871 fuere
1027 1839 1173 1871 tamen
1195 1825 1438 1890 aliquando,
1461 1825 1550 1888 qui,
1574 1827 1801 1888 Perper-am
1825 1824 1869 1872 id

285 1898 454 1958 'operis
474 1913 497 1939 a
524 1913 546 1940 P
564 1912 590 1938 U
612 1910 750 1939 Lelo
787 1909 869 1956 pro
899 1888 976 1938 sub
1011 1892 1273 1938 venditatum
1301 1929 1313 1947 ‚
1343 1899 1422 1939 nec
1452 1904 1543 1937 tam
1575 1892 1699 1946 hnic,
1735 1911 1867 1958 quain

314 1980 336 2009 ι’
358 1977 385 2009 o
408 1979 431 2007 L
451 1977 464 2005 1
482 1978 514 2007 T
531 1977 546 2006 1
562 1977 592 2006 A
609 1979 641 2006 N
661 1978 688 2005 o
708 1994 720 2012 ‚
743 1977 838 2005 eam
874 1957 1043 2006 laudem
1080 1958 1223 2005 deberi
1245 1995 1258 2013 ‚
1295 1957 1550 2024 persuadere
1586 1960 1710 2004 nobis
1732 1972 1868 2006 'cona-
1905 2001 1915 2010 ,

309 2042 470 2077 rentur.
543 2031 593 2073 In
613 2030 677 2074 his
711 2028 915 2090 praecipui
950 2024 1124 2073 fuerunt
1161 2043 1192 2072 T
1212 2045 1241 2073 H
1260 2045 1285 2074 E
1301 2046 1328 2074 o
1348 2045 1370 2073 r
1390 2044 1422 2073 H
1437 2043 1451 2072 1
1467 2044 1490 2073 L
1506 2043 1581 2072 us
1632 2044 1657 2074 F
1678 2044 1706 2074 o
1728 2046 1751 2074 L
1774 2046 1798 2075 E
1817 2047 1871 2075 N·

264 2112 267 2115 ’
312 2115 343 2146 G
360 2118 389 2146 u
409 2117 427 2145 s
453 2101 498 2144 ὃ(
524 2115 552 2143 u
573 2114 600 2143 o
622 2114 649 2142 n
668 2113 699 2143 'r
715 2113 738 2142 E
757 2113 790 2141 N
809 2113 828 2141 s
852 2113 866 2140 1
888 2105 920 2141 'U
939 2110 959 2142 s
999 2096 1224 2149 mainus,
1242 2112 1432 2160 quorum
1456 2093 1560 2140 alter
1582 2099 1625 2141 in
1639 2097 1872 2143 Ordimdini

310 2172 432 2216 Cant.
447 2185 474 2212 l.
493 2169 641 2222 Stanz2
655 2182 714 2221 20,
738 2162 843 2210 alter
862 2166 906 2209 in
931 2180 1064 2227 opere
1075 2163 1227 2224 Sserza
1249 2164 1365 2229 degli
1376 2166 1598 2220 Scrittori,
1621 2163 1691 2211 13‘u
1716 2181 1786 2211 nc
1807 2182 1866 2212 io

307 2234 351 2281 id
376 2238 517 2297 operis
539 2232 746 2281 donatum
766 2248 789 2276 a
814 2248 1123 2284 POLITIANO‚
1145 2231 1399 2296 posteaque,
1432 2245 1616 2295 utroque
1638 2233 1864 2288 exiiinffio,

308 2304 360 2349 ab
383 2305 539 2368 ignaris
564 2307 650 2363 ejus
673 2303 732 2346 rei
765 2317 844 2364 pro
870 2312 994 2364 partu
1033 2318 1055 2346 P
1075 2316 1105 2344 u
1129 2318 1152 2345 L
1173 2315 1197 2346 c
1213 2316 1226 2345 1
1245 2318 1277 2347 A
1299 2317 1370 2346 No
1408 2297 1699 2356 venditatum,
1723 2299 1866 2350 refert.

308 2371 389 2418 Sed
405 2409 417 2427 ‚
440 2384 485 2416 ut
504 2370 570 2419 ‘est
604 2368 722 2415 nulio
747 2368 848 2414 tesie
871 2367 1124 2417 confirmata
1148 2370 1239 2415 haec
1265 2372 1453 2414 narratio
1468 2405 1480 2422 ,
1507 2372 1562 2414 ita
1586 2386 1793 2434 nusquam
1814 2367 1866 2414 ad

307 2442 421 2486 hunc
451 2439 565 2485 diem
601 2436 730 2484 fidem
770 2439 931 2484 invenit
961 2436 1009 2482 ‘in
1045 2435 1176 2485 Italia.
1255 2437 1349 2482 Nec
1383 2435 1602 2501 probabile
1635 2436 1792 2492 videri,
1827 2438 1865 2483 ei

306 2510 506 2562 homini,
532 2512 647 2568 cujus
680 2518 743 2552 tot
774 2524 820 2552 ac
851 2519 938 2551 tam
961 2503 1157 2568 praeclara
1183 2515 1316 2567 opera
1337 2503 1426 2552 fato
1451 2518 1718 2570 praematuro·
1735 2509 1863 2552 inter·

307 2590 428 2641 cepta
457 2575 550 2630 sint,
572 2574 621 2620 ad
643 2572 995 2638 componendum
1020 2586 1106 2619 tani
1142 2572 1306 2620 illustre
1330 2578 1517 2639 tantique
1542 2573 1666 2620 studii
1694 2574 1850 2637 po'ema

304 2643 397 2691 satis
421 2648 495 2690 otii
526 2640 642 2689 fniffe
658 2680 670 2697 ,
701 2643 813 2689 redte
836 2641 985 2703 judicat
1014 2660 1035 2688 Β
1054 2660 1077 2688 E
1097 2660 1122 2688 R
1141 2660 1186 2692 N.
1227 2660 1252 2688 D
1271 2659 1293 2688 Ε
1337 2661 1399 2690 LA
1442 2660 1477 2689 M
1496 2661 1522 2691 o
1541 2661 1573 2689 N
1593 2660 1623 2690 N
1644 2659 1671 2688 ο
1695 2656 1757 2687 γε
1785 2642 1810 2686 l.
1828 2658 1862 2686 c.

304 2718 375 2778 qui
401 2718 460 2767 (Sc,
484 2714 612 2777 longe
626 2709 838 2757 diversum
854 2708 949 2764 effe,
965 2709 993 2756 fi
1017 2727 1149 2774 genus
1173 2707 1382 2756 scribendi
1410 2708 1583 2773 specie-3
1601 2729 1621 2756 P
1640 2727 1667 2755 υ
1688 2726 1746 2754 ιω
1771 2727 1783 2753 1
1808 2727 1861 2755 A—

308 2801 337 2826 N
363 2800 388 2826 u
411 2802 444 2829 Μ
480 2784 561 2828 hoc
587 2797 695 2845 opus
717 2797 737 2824 a
761 2783 935 2833 ceteris,
959 2796 1050 2842 qua:
1106 2776 1351 2843 supersunt,
1389 2780 1660 2825 Carminibus
1704 2796 1724 2823 P
1743 2795 1769 2824 ο
1789 2795 1811 2823 L
1829 2787 1871 2822 ιο*

302 2868 334 2897 Τ
355 2865 367 2895 ῐ
386 2868 416 2897 Α
437 2869 499 2896 NI
543 2847 802 2901 vernaculis,
830 2848 1011 2895 testatur.
1084 2848 1176 2892 Nec
1209 2865 1285 2892 nos
1319 2850 1472 2911 igitur,
1505 2843 1644 2890 donec
1679 2847 1861 2891 certiora

300 2919 420 2965 nobis
441 2917 724 2974 innotescant,
744 2918 965 2982 vulgarem
986 2912 1224 2963 deseremus
1249 2911 1515 2968 sententiam,
1538 2916 1737 2979 inprimis
1760 2931 1860 2959 cum
