2064 3115
239 211 322 252 240

766 203 1128 248 HlsToRtA
1181 204 1381 249 VITAE

351 343 460 393 tuit,
499 337 603 384 vidit
644 334 840 382 codicem
882 336 1006 394 hujus
1046 337 1191 398 operis
1235 330 1588 398 elegantiffirnum
1601 362 1630 388 ,·-
1654 341 1730 401 qui.
1749 373 1763 392 ‚
1810 354 1912 384 cum

351 405 468 453 idem
504 402 585 451 esse
620 402 834 449 videretur
855 441 868 460 ,
890 418 1020 466 quem
1034 453 1036 456 ⁸
1051 403 1243 448 manibus
1274 400 1353 447 suis
1384 419 1408 447 r
1429 418 1455 447 ο
1476 418 1498 446 L
1516 419 1530 445 1
1548 419 1578 447 T
1597 420 1611 447 1
1628 402 1658 448 A
1674 421 1704 448 N
1720 423 1747 452 u
1766 423 1785 452 s
1826 420 1910 451 tra.

351 475 477 519 <stavit
493 508 507 527 ,
538 471 653 517 nulla
685 470 796 517 illius
823 474 915 520 νίκα
951 487 974 514 P
993 487 1021 516 0
1037 487 1061 515 1.
1076 486 1166 516 1'1'1
1184 488 1213 517 A
1233 486 1305 516 No
1339 471 1569 532 inquirenti
1604 465 1774 533 vestigia
1806 489 1912 535 prae.

351 541 451 588 buit.
468 536 643 586 Accedit
661 543 707 585 &
729 539 814 585 hoc
835 539 1049 601 inprimiS,
1061 534 1177 601 quod
1199 536 1380 582 vetusius
1399 535 1472 582 ille
1498 553 1529 581 H
1548 553 1574 581 o
1591 554 1629 582 M
1645 552 1671 582 Ε
1691 550 1722 581 R
1737 555 1754 583 1
1778 539 1910 585 Scho-

350 606 486 654 lias'tes
518 607 580 654 ad
597 599 937 671 Il.,3.p.378.53,
966 607 1210 669 iterumque
1228 605 1291 652 ad
1318 605 1364 651 Il.
1389 618 1439 669 p.
1461 615 1551 663 408.
1566 621 1629 663 29,
1649 603 1755 651 edit.
1787 607 1910 664 Bafil.

352 677 699 722 Grammaticum
720 670 934 738 quendam
956 684 1289 724 commemoret,
1304 675 1482 718 nomine
1515 672 1687 725 Νικίαν,
1713 677 1744 717 Η
1764 688 1793 718 0
1809 689 1848 719 M
1865 688 1912 719 Β·

355 760 416 790 Ri
454 746 749 806 interpretem,
784 757 915 804 quem
936 736 1094 803 ipsum,
1124 737 1155 784 si
1190 743 1280 801 quis
1312 738 1371 784 ess
1412 756 1434 784 1>
1455 757 1482 786 o
1504 755 1527 782 1.
1551 758 1564 784 1
1587 755 1617 784 Τ
1639 757 1700 786 1A
1718 757 1751 785 N
1769 758 1784 786 1
1832 740 1910 785 hac

353 814 399 857 in
420 827 467 856 re
487 825 637 862 error,
661 807 812 854 malim
844 804 1042 857 credere,
1066 807 1136 850 hic
1172 805 1223 849 ab
1256 822 1310 850 eo
1343 804 1603 859 indicatum,
1641 823 1772 870 quam
1808 805 1913 871 lepi-

353 878 417 924 dae
459 873 808 926 narratiunculae,
847 876 894 917 in
925 871 1159 918 ludibrium
1193 876 1281 931 ejus
1321 875 1567 935 excogitata:
1591 905 1605 924 ,
1646 885 1810 921 temere
1841 877 1915 920 ha·

351 947 452 991 bere
484 942 631 989 fidem.
701 937 783 985 Sed
816 941 1028 984 mittimus
1072 939 1188 991 haec,
1221 936 1427 1003 fiquidem
1458 937 1748 1002 praestantiora
1771 976 1786 996 ,
1817 959 1914 1006 quae

351 1021 782 1060 commemorentur,
824 1008 869 1051 in
904 1017 1085 1070 promtu
1123 1002 1228 1052 sunt.
1326 1004 1444 1069 Qid
1480 1005 1525 1052 fit
1549 1009 1795 1055 Entelechia
1823 1008 1911 1063 illa,

351 1097 481 1145 quam
511 1073 671 1124 'animo
710 1078 903 1121 humano
947 1073 1093 1119 tribuit
1138 1090 1170 1121 A
1189 1090 1216 1119 R
1235 1091 1250 1119 1
1268 1092 1287 1121 s
1311 1090 1341 1119 Τ
1359 1091 1430 1121 οΤ
1447 1091 1471 1121 Ε
1489 1092 1514 1120 1.
1530 1092 1554 1122 E
1575 1092 1594 1121 s
1644 1074 1735 1123 Lib.
1763 1080 1820 1126 ΙΙ.
1859 1077 1912 1123 de

352 1152 510 1195 Anima
548 1146 738 1192 humana
761 1177 775 1197 ,
807 1158 984 1207 quaeque
1037 1139 1308 1188 eruditorum
1352 1145 1475 1189 omni
1523 1154 1724 1207 tempore
1761 1141 1915 1191 misere

351 1217 518 1261 vexavit
549 1213 739 1277 ingenia,
764 1222 810 1256 ut
841 1213 913 1255 &³
925 1207 1063 1255 malos
1104 1209 1340 1256 Daemonas
1373 1207 1426 1256 de
1463 1214 1550 1270 ejus
1583 1208 1824 1275 significatu·
1849 1215 1912 1259 in-

350 1275 584 1345 terrogaffe
614 1278 748 1394 νυῐῗο
789 1274 1005 1323 'referatur
1043 1294 1073 1323 Η
1090 1294 1115 1323 E
1140 1293 1167 1322 R
1185 1294 1238 1325 M.
1276 1291 1301 1321 Β
1322 1294 1351 1324 Α
1371 1295 1400 1323 R
1419 1294 1443 1324 B
1461 1295 1495 1324 A
1511 1294 1541 1324 R
1559 1294 1587 1323 u
1606 1295 1627 1324 s
1648 1315 1665 1333 ,
1698 1278 1913 1342 explicare

320 1403 323 1406 Δ
349 1347 440 1415 ipse
471 1351 600 1396 etiam
631 1364 683 1393 au
703 1363 752 1392 us
794 1343 852 1391 est
904 1362 928 1390 ι’
949 1361 976 1391 ο
996 1363 1019 1390 1.
1037 1363 1052 1391 1
1075 1360 1106 1389 ‘r
1126 1361 1192 1406 {A
1212 1363 1243 1391 N
1263 1361 1293 1390 U
1314 1361 1333 1390 s
1357 1380 1371 1399 ,
1405 1342 1534 1411 idque
1562 1362 1610 1392 ea
1644 1346 1913 1411 potissimum

351 1417 405 1465 de
435 1413 553 1464 causa
566 1452 580 1471 ‚
610 1428 657 1462 ut
700 1432 725 1462 c
745 1432 760 1459 1
780 1431 805 1460 c
822 1430 846 1460 Ε
866 1430 894 1458 R
913 1430 941 1459 o
959 1430 993 1458 N
1010 1430 1033 1458 E
1048 1430 1086 1458 M
1131 1410 1402 1467 defenderet,
1425 1416 1499 1476 qui
1523 1430 1625 1459 cum
1646 1415 1784 1463 LibLI.
1810 1421 1906 1480 Cap⁴

351 1504 404 1534 ιο.
452 1485 567 1547 Tusc.
610 1482 759 1545 Qaest.
804 1479 1083 1543 ἐντελέχειαν
1125 1480 1298 1524 verterit
1341 1478 1564 1544 quandam
1610 1485 1909 1529 continuatam

351 1558 601 1607 motionem,
640 1550 690 1600 {5
711 1562 963 1614 perennem,
996 1547 1176 1591 incurrit
1225 1561 1278 1591 eo
1311 1549 1492 1592 nomine
1529 1546 1911 1609 reprehenlionem

354 1638 442 1687 30.
484 1634 706 1666 ARGYR
730 1631 962 1667 oron,
995 1614 1243 1673 Byzantini,
1276 1614 1494 1676 qui‚,non
1527 1611 1579 1658 ad
1617 1629 1911 1661 AR1s‘ro·

357 1705 580 1736 TELEAM
617 1700 790 1738 vocem,
804 1679 873 1728 sed
897 1678 947 1726 ad
971 1679 1095 1726 aliam
1117 1681 1260 1745 potius
1286 1678 1606 1746 finitimamque
1619 1675 1912 1744 ἐνδελέχειαν,

317 1781 319 1783 ·
350 1759 567 1822 pertinere
590 1750 870 1819 fignificatum
889 1748 1034 1806 istum,
1057 1747 1404 1803 contenderat‚&
1431 1752 1480 1795 -in
1500 1753 1586 1806 ejus
1610 1748 1757 1796 locum
1772 1752 1913 1817 perse.

352 1826 536 1872 &ionem
568 1836 645 1869 aut
673 1820 1076 1883 confhmmationem
1107 1823 1359 1883 quampiam
1388 1813 1664 1864 substituerat.
1751 1836 1774 1864 Ρ
1792 1837 1859 1866 01.
1876 1838 1914 1865 1·

354 1910 387 1941 ’r
405 1911 418 1939 1
437 1912 465 1939 A
486 1910 518 1938 N
539 1908 566 1937 u
589 1906 608 1936 s
646 1891 792 1954 igitur,
826 1883 1028 1951 quicquid
1051 1901 1133 1948 pro
1157 1881 1276 1936 causa
1316 1900 1342 1931 c
1362 1902 1374 1931 ι
1393 1901 1418 1931 c
1439 1902 1464 1931 E
1483 1901 1513 1931 R
1534 1901 1562 1931 0
1582 1904 1613 1932 N
1636 1904 1647 1932 1
1666 1904 1685 1932 s
1723 1885 1911 1949 proferri

352 1971 562 2024 poterat,
596 1954 823 2020 diligenter
873 1949 1072 2017 exposuit
1106 1956 1201 2017 Cap.
1225 1956 1257 1999 I.
1300 1952 1538 2014 Mzscellan.
1589 1955 1673 1999 hoc
1711 1956 1910 2018 inprimis

277 2078 283 2082 ,
351 2043 481 2092 agens
502 2061 520 2080 ‚
555 2037 602 2072 ut
647 2019 915 2073 ostenderet,
948 2018 1196 2066 vetustiores
1251 2035 1283 2065 A
1305 2036 1333 2064 R
1349 2036 1366 2066 1
1385 2037 1404 2066 s
1426 2036 1458 2067 ‘r
1478 2037 1506 2066 0
1526 2039 1597 2068 ἰ’-Ε
1614 2039 1638 2066 1.
1658 2038 1673 2066 1
1697 2037 1717 2067 s
1775 2021 1910 2069 Codi-

352 2112 419 2142 ces
457 2095 610 2141 MStos
641 2095 696 2139 ita
727 2100 961 2150 corruptos
989 2086 1328 2153 depravatosque
1354 2084 1454 2144 effe,
1479 2099 1541 2142 ut,
1563 2088 1697 2153 qualis
1729 2105 1780 2136 ex
1803 2088 1910 2136 dua-

350 2164 427 2210 bus
453 2162 558 2216 illis,
578 2160 651 2208 fibi
674 2158 797 2224 plane
827 2155 1051 2203 fimillimis
1067 2189 1080 2209 ,
1117 2154 1292 2201 vocibus
1325 2152 1518 2221 usurpata
1550 2154 1600 2204 fit
1631 2173 1702 2205 AR
1724 2175 1738 2203 1
1762 2174 1781 2204 s
1804 2173 1835 2203 'r
1852 2176 1880 2205 o
1896 2187 1911 2195 -

358 2249 389 2278 T
414 2249 436 2278 13
457 2248 482 2276 L
504 2248 543 2283 1,
579 2231 648 2274 vix
684 2222 875 2291 dignosci
907 2222 1096 2287 legendo
1120 2226 1332 2286 potuerit,
1368 2222 1552 2288 ideoque
1588 2239 1684 2273 cic
1704 2243 1729 2272 E
1747 2243 1774 2272 R
1792 2244 1820 2273 0
1837 2243 1869 2271 N
1892 2244 1908 2271 1

351 2298 482 2354 forte,
503 2295 626 2343 suum
650 2292 837 2359 sequenti
860 2289 1082 2346 codicem,
1104 2289 1228 2337 illurn
1247 2328 1259 2347 ,
1297 2289 1460 2339 necesse
1503 2292 1661 2347 fuerit,
1698 2293 1830 2340 verbo
1862 2291 1913 2340 fi-

351 2366 605 2432 gnificatum
629 2363 838 2408 tribuere.
909 2359 991 2406 Sed
1015 2376 1104 2405 non
1135 2361 1193 2404 ita
1223 2356 1393 2406 efficere
1427 2363 1571 2425 potuit
1606 2379 1629 2408 Ρ
1647 2377 1676 2408 o
1694 2379 1718 2407 1.
1739 2379 1754 2406 1
1775 2379 1806 2409 ‘r
1824 2380 1838 2407 1
1859 2378 1911 2409 A·

355 2453 390 2482 N
411 2452 471 2480 us
489 2468 502 2488 ,
520 2446 567 2477 ut
604 2429 843 2480 desisterent
876 2427 929 2473 ab
960 2424 1224 2474 accusatione
1254 2444 1279 2475 c
1299 2443 1316 2473 ι
1335 2445 1361 2474 c
1379 2445 1403 2475 Ε
1421 2445 1448 2476 R
1468 2445 1499 2476 ο
1519 2447 1553 2475 Ν
1571 2447 1585 2476 1
1608 2445 1629 2475 s
1661 2427 1881 2475 adversarii
1899 2446 1914 2486 ;

353 2506 456 2568 quin
497 2503 636 2564 potius
680 2495 906 2544 fortissime
955 2492 998 2541 se
1044 2512 1068 2542 ι’
1085 2512 1113 2543 0
1134 2513 1159 2541 1.
1178 2512 1192 2542 ι
1211 2511 1242 2540 Τ
1265 2513 1273 2541 ι
1295 2513 1326 2542 Α
1346 2514 1379 2543 Ν
1398 2514 1427 2544 o
1474 2493 1676 2561 opposuit
1725 2513 1755 2543 c
1773 2512 1802 2542 u
1824 2515 1838 2543 1
1862 2515 1884 2543 ι.
1903 2534 1912 2545 .

355 2589 381 2619 Β
399 2589 427 2617 υ
447 2585 603 2618 nAEus
645 2570 688 2611 in
724 2581 858 2629 opere
890 2561 1058 2610 erudito
1093 2563 1146 2610 de
1174 2565 1266 2624 Affe
1305 2566 1398 2612 Lib.
1413 2569 1442 2621 l,
1463 2580 1508 2629 p.
1523 2563 1624 2627 12se
1656 2600 1666 2610 .
1702 2567 1769 2610 cui
1809 2582 1830 2612 p
1849 2582 1910 2612 o-

355 2659 380 2686 ι
398 2658 411 2684 x
428 2655 459 2684 T
473 2654 489 2683 1
506 2655 538 2682 A
552 2655 579 2682 N
599 2653 628 2681 u
643 2652 661 2681 s
696 2634 759 2680 ad
776 2632 851 2694 fin·
886 2638 1029 2696 magis
1063 2632 1378 2691 ostentationem
1409 2636 1585 2678 videtur
1598 2582 1654 2690 [Z
1670 2633 1812 2697 ceptffi
1843 2637 1913 2680 Ci-

353 2711 514 2755 ceronis
545 2704 831 2769 dffcnstoncm,
861 2717 994 2768 quam
1023 2699 1223 2750 diluenda·-
1253 2705 1454 2751 cru'mim'f
1473 2699 1689 2759 fiduciam
1712 2699 1912 2763 habuiffi.

1832 2816 1834 2819 ,
1855 2771 1914 2823 12,
