1960 3135
330 256 592 330 ANGEm
659 287 1087 328 AMBRootm
1157 276 1559 327 POL1T1AN1.³
1708 287 1781 332 575

220 420 306 465 hoc
327 436 440 464 anno
464 420 654 482 primum
677 420 717 461 in
742 416 882 462 lucem
906 413 1048 462 exiisse
1073 416 1263 462 laborem
1288 418 1402 463 hunc
1437 433 1459 462 Ρ
1478 434 1505 464 o
1523 435 1546 462 L
1565 433 1773 472 1T1AN1,

222 485 388 532 nullum
415 487 471 531 esl
494 483 686 533 dubium,
758 483 857 536 Sed,
872 501 968 530 eam
998 484 1260 539 editionem,
1281 503 1367 531 non
1404 486 1460 530 etl
1483 485 1677 547 Scriptor
1710 483 1771 529 ul-

222 553 304 608 lus,
325 556 396 618 qui
420 555 674 598 nominatim
709 550 897 609 indicet3
932 566 975 597 ut
1005 553 1103 598 lunc
1133 570 1170 598 cs
1194 552 1361 617 lligatn,
1401 551 1662 615 publicatum
1687 553 1775 597 hoc

224 638 333 685 opus
364 637 462 664 cum
501 618 589 665 aliis
621 625 707 679 ejus
750 617 940 683 scriptis,
971 637 1063 684 quae
1105 620 1367 681 conjunclini
1400 619 1508 665 edita
1548 621 1775 666 Florentia

223 695 270 738 A.
287 690 380 747 [482
414 687 691 749 perhibentur
731 705 753 731 a
799 704 836 732 M
854 706 885 733 A
902 706 932 734 T
950 703 981 732 ‘r
999 705 1027 734 A
1045 706 1069 733 R
1088 705 1101 732 1
1120 705 1147 734 o
1166 725 1176 736 .
1259 687 1322 732 Ab
1360 703 1413 733 eo
1447 701 1646 751 tempore
1681 690 1775 751 qui-

224 763 389 817 cunque
414 757 548 818 Opera
593 773 614 800 P
632 772 660 800 o
682 771 705 798 L
726 770 739 798 1
759 771 788 799 'r
807 773 818 799 1
839 772 867 800 A
885 770 916 798 N
936 770 949 798 1
970 788 982 806 ,
1015 752 1180 798 redacta
1210 757 1254 798 in
1275 771 1411 799 unum
1433 771 1606 818 corpus,
1631 755 1776 819 vulga·
1807 816 1810 818 Α

221 826 307 876 vit,
332 822 521 867 laborem
545 823 659 867 hunc
681 819 922 866 addendum
956 820 1129 884 reliquis
1157 823 1318 883 putavit
1341 839 1353 876 3
1399 819 1498 865 ficut
1530 825 1572 866 ὅ(
1595 820 1777 881 adjec‘lus

222 889 280 935 est
311 889 481 954 reliquis
503 891 640 935 Poetae
652 887 927 935 Carminibus
947 890 990 932 in
1006 892 1199 949 Carmin.
1214 888 1593 948 illustr.Poet.Jtal.
1615 894 1662 936 T.
1680 893 1719 936 V
1719 891 1776 938 ΙΙ.

209 971 256 1023 p.
273 960 456 1022 Jjoseq.
529 954 715 1002 Seorfim
767 969 912 1002 tamen
957 957 1187 1002 iti-manus
1215 954 1489 1001 eruditorum
1524 957 1670 1002 venire
1709 960 1778 1010 ei.

222 1024 339 1089 quod
374 1022 748 1088 seiam,nunquatn
773 1027 970 1088 contigit.
1039 1019 1244 1069 Prodiiffe
1275 1026 1321 1069 in
1353 1025 1461 1068 hanc
1483 1025 1662 1084 ,Sylvam
1689 1027 1778 1070 An-

221 1102 465 1140 notationes
503 1110 526 1139 F
544 1110 570 1138 R
590 1110 621 1138 A
643 1111 673 1138 N
688 1109 716 1149 ,c
739 1109 752 1137 1
776 1108 794 1137 s
815 1108 840 1138 c
859 1110 872 1136 ι
925 1109 945 1138 s
967 1109 997 1138 A
1017 1110 1048 1137 N
1068 1107 1093 1138 c
1114 1107 1144 1136 H
1164 1109 1187 1137 B
1205 1107 1229 1137 z
1245 1126 1258 1145 ,
1291 1088 1588 1155 Hispanorum
1622 1092 1779 1137 Gram-

220 1163 480 1220 maticham
504 1158 666 1210 dietum
691 1158 924 1205 meministi
948 1157 1020 1204 sub
1042 1173 1128 1205 not.
1151 1159 1253 1221 (dd)
1278 1160 1399 1219 hujus
1423 1163 1469 1217 ,οἵ
1493 1156 1676 1204 -Eodem
1713 1158 1779 1205 lo-

223 1244 276 1274 co
297 1262 310 1280 ,
345 1227 448 1290 quid
488 1231 530 1272 in
565 1228 752 1272 Carmen
788 1229 872 1273 hoc
913 1230 1184 1290 parturiverit
1222 1245 1250 1273 N
1275 1244 1289 1271 t
1313 1243 1337 1273 c
1353 1262 1362 1272 .
1406 1243 1429 1272 Β
1449 1243 1474 1272 ε
1492 1245 1519 1273 R
1539 1245 1567 1274 A
1589 1245 1612 1273 L
1632 1244 1704 1274 nu
1727 1244 1748 1274 s
1764 1263 1779 1283 ‚

221 1297 386 1355 Rustici
419 1294 606 1339 eruditus
637 1296 988 1347 Commentator,
1018 1297 1138 1354 liujus
1168 1294 1293 1359 ipsius
1318 1294 1452 1339 verbis
1485 1292 1780 1345 indicavimus.

224 1361 435 1410 Addimus
464 1361 692 1426 hie,quod
731 1361 781 1407 ad
810 1365 986 1422 Sylvam
1018 1365 1204 1413 Manto,
1237 1361 1314 1407 alia
1354 1359 1543 1421 ejusdem
1576 1362 1702 1408 verba
1734 1366 1781 1410 in

223 1434 509 1476 Commentar.
532 1431 592 1475 ad
618 1430 730 1490 Rust.
759 1445 807 1496 p.
826 1442 887 1482 80·
913 1429 1016 1477 edic.
1039 1432 1194 1490 Bastl.-.·
1265 1434 1351 1476 Nor
1383 1428 1435 1475 de
1466 1431 1539 1476 hoc
1561 1431 1698 1496 plura
1730 1436 1783 1478 in

221 1499 412 1543 Mantus
443 1499 703 1559 expositione,
725 1516 858 1561 quum
879 1497 1127 1561 propediem
1158 1514 1254 1543 cum
1283 1498 1389 1543 aliis
1419 1497 1678 1563 quibusdam
1709 1515 1782 1544 no-

209 1563 319 1623 stris
346 1567 678 1610 Annotamemis
697 1570 747 1609 in
769 1566 901 1625 lucem
926 1564 1141 1611 dabimus.
1207 1566 1329 1624 Num
1362 1563 1519 1610 steterit
1549 1563 1785 1629 promiOES.

222 1647 296 1677 me
324 1629 498 1696 quidem
534 1630 641 1695 fugit
665 1649 678 1687 3
724 1626 839 1679 certe
864 1631 972 1676 nihil
997 1631 1077 1677 tale
1108 1629 1265 1678 indices
1291 1631 1505 1679 librorum
1529 1633 1745 1684 exhibent,

107 1731 228 1803 (gg)
263 1734 318 1779 Et
354 1731 555 1778 ultimam
581 1734 690 1778 hanc.
718 1735 947 1795 sylvarum
998 1751 1022 1781 r
1041 1750 1069 1781 o
1094 1751 1154 1783 ι]
1175 1750 1207 1780 ¹1·
1226 1752 1241 1779 1
1263 1752 1294 1783 A
1309 1752 1341 1781 Ν
1362 1753 1407 1792 1,
1443 1733 1560 1799 quod
1591 1733 1683 1782 satis
1705 1735 1785 1799 est,

224 1799 485 1847 laudavimus
508 1797 629 1863 supra
659 1802 761 1848 Sea‘i‘.
779 1804 811 1847 I.
839 1807 887 1859 ’,οἳ
911 1805 1017 1849 XIII.
1042 1815 1126 1848 not.
1151 1802 1248 1863 (d).
1265 1804 1541 1848 Pronuntiata
1562 1802 1621 1849 est
1642 1803 1783 1867 publi-

224 1885 273 1916 ce
296 1871 340 1925 in
363 1869 502 1914 Poetae
551 1885 582 1914 u
604 1886 630 1914 o
646 1887 682 1915 Μ
698 1887 721 1915 E
740 1887 790 1916 R1
839 1872 1131 1925 enarratione,
1160 1867 1434 1934 eiusdemque
1465 1872 1607 1917 Poetae
1637 1869 1783 1918 laudes

225 1952 278 1982 ex
309 1935 499 1981 instituto
527 1933 803 2000 persequitur.
874 1939 1078 2000 Inprimis
1111 1949 1363 2000 argumenta
1393 1941 1640 1984 carminum
1678 1955 1784 1986 110-

231 2020 269 2050 Μ
292 2018 316 2048 13
338 2019 366 2047 R
388 2020 403 2049 1
421 2018 446 2047 c
468 2019 495 2048 o
515 2019 543 2047 R
558 2018 586 2047 υ
604 2018 641 2047 Μ
678 2005 723 2046 in
752 2001 968 2047 summam
1001 2004 1218 2047 contradla
1249 2003 1446 2057 exhibet,
1481 2008 1543 2059 ἃ,
1579 2005 1782 2070 quicquid

226 2071 271 2115 in
296 2070 359 2114 his
381 2085 510 2132 grave
531 2072 576 2115 ὃς
596 2066 776 2114 sublime
796 2069 878 2123 est,
914 2072 1019 2115 vivis
1052 2068 1269 2115 coloribus
1302 2069 1508 2135 depingit.
1572 2070 1783 2138 Inscripsit

225 2137 357 2184 Poeta
373 2152 556 2189 *carmen
584 2133 707 2182 suum
745 2154 769 2183 ι,
786 2155 815 2184 A
832 2152 861 2181 υ
882 2153 909 2183 R
931 2155 955 2184 E
975 2154 1007 2182 Ν
1032 2153 1063 2183 Τ
1087 2154 1103 2183 1
1126 2153 1154 2184 o
1201 2153 1234 2184 T
1254 2156 1282 2185 o
1303 2156 1332 2185 R
1352 2157 1385 2185 N
1403 2157 1434 2186 Α
1449 2157 1472 2186 B
1492 2157 1520 2187 ο
1539 2157 1571 2187 Ν
1590 2157 1640 2195 o,
1675 2158 1781 2206 gen-

227 2215 269 2250 te
301 2203 510 2250 Medicaea
542 2202 754 2257 oriundo,
801 2202 1008 2268 discipulo
1050 2202 1152 2257 suo,
1185 2219 1236 2251 ut
1251 2209 1315 2267 sit
1345 2213 1507 2254 amoris
1525 2207 1605 2271 sui
1635 2226 1781 2256 monu-

225 2286 432 2328 mentum,
455 2272 506 2322 εἴ
529 2271 592 2318 ad
599 2271 750 2331 studia
770 2271 1001 2320 ltffcrarum
1021 2311 1033 2331 ‚
1051 2273 1299 2341 prastrtim
1324 2277 1584 2332 Graecarum,
1622 2282 1782 2326 incita-

228 2352 431 2392 mentum.
513 2343 619 2386 Sunt
651 2342 742 2385 haec
772 2338 900 2386 verbii
931 2345 1018 2401 ejus
1048 2346 1093 2387 in
1130 2341 1321 2405 Epistola
1360 2341 1414 2388 ad
1465 2361 1490 2392 ι
1512 2362 1545 2392 A
1565 2361 1595 2391 υ
1617 2362 1647 2392 R
1668 2363 1692 2392 E
1714 2363 1779 2393 Ν-

235 2425 269 2455 'r
294 2427 310 2454 1
330 2426 358 2454 u
377 2425 415 2454 Μ
441 2444 455 2461 ,
499 2410 720 2454 Florentiae
757 2408 910 2475 pridie
947 2426 1080 2455 nonas
1120 2409 1372 2457 Novembres
1403 2414 1452 2458 A.
1480 2417 1574 2471 1685
1604 2411 1774 2477 scripta,

229 2493 361 2542 quam
386 2476 487 2540 legis
509 2478 554 2520 in
566 2473 710 2522 fronte
724 2478 950 2526 Carminis.
1034 2476 1166 2542 Qod
1179 2476 1231 2524 ad
1243 2479 1417 2525 titulum
1438 2481 1779 2544 operis,nolim,

229 2544 411 2609 intelligi
432 2545 664 2607 hic‚pute8‚
681 2543 826 2591 cibum
854 2543 1197 2609 delicatiffimum
1207 2564 1372 2613 ,·quem
1394 2548 1587 2595 ambram
1611 2561 1779 2607 vocant,

228 2610 300 2662 sed
321 2614 436 2658 hunc
455 2613 672 2658 honorem
702 2612 849 2659 haberi
873 2611 988 2660 ‘scito
1010 2612 1173 2679 praedio
1215 2633 1240 2661 L
1261 2634 1294 2663 A
1310 2633 1339 2663 u
1358 2633 1387 2662 R
1404 2634 1428 2664 ε
1448 2635 1479 2663 Ν
1499 2634 1532 2663 'r
1552 2635 1569 2664 ι
1592 2636 1607 2664 1
1626 2656 1640 2677 ‚
1675 2619 1777 2665 Me-

229 2679 349 2727 dicaei
372 2682 593 2744 Principis,
626 2683 695 2726 cui
717 2681 892 2727 Ambrae
927 2699 1107 2737 nomen,
1130 2700 1221 2729 non
1247 2682 1537 2731 amoeniffimo
1582 2680 1778 2742 tentum,

229 2745 301 2795 sed
322 2747 522 2795 omnibus
552 2750 681 2794 etiam
719 2762 879 2796 naturae
910 2750 1033 2796 bonis
1053 2749 1387 2798 instrufiiffimo.
1455 2755 1516 2799 Ita
1535 2756 1654 2801 enim
1683 2755 1780 2801 No.

232 2815 316 2879 {let
346 2818 392 2865 in
425 2818 643 2883 principio
675 2816 878 2885 Epistolae
899 2815 950 2865 ad
987 2836 1019 2865 ‘r
1042 2836 1070 2865 o
1087 2837 1117 2867 R
1131 2837 1166 2867 Ν
1186 2837 1252 2871 ΑΒ
1271 2836 1306 2888 ο,
1322 2836 1356 2872 N
1370 2836 1406 2889 g
1419 2839 1489 2880 Μ,
1526 2839 1656 2890 quam
1687 2820 1780 2877 dixi

244 2909 252 2912 “
937 2895 1084 2947 Ee-ee
1126 2912 1151 2947 2
1615 2899 1781 2952 modo:
