2064 3115
251 202 330 266 66

819 219 1139 260 HISTORIA
1179 220 1347 259 VITAE
1387 227 1389 229 ’

361 347 447 393 hac
469 349 517 391 in
537 363 582 393 re
602 343 741 409 ipsum
769 342 964 406 sequitur
993 359 1158 396 Jovru
1176 361 1239 398 M,
1273 343 1500 407 perhibere
1530 346 1788 397 videantur,
1826 346 1915 391 dis·-

364 427 514 476 crepat
535 427 683 458 tamen
706 410 760 455 ab
782 413 836 455 iis
869 428 884 456 1
898 427 954 456 sA
969 426 1048 457 Ac.
1073 428 1096 456 B
1112 428 1139 456 u
1157 427 1255 457 LLA
1276 427 1341 456 ΒΤ
1357 427 1383 454 u
1397 427 1414 455 s
1438 414 1485 454 in
1509 411 1640 456 Acad.
1661 412 1733 457 des
1752 415 1911 457 Sciens.

364 481 419 526 T.
433 483 469 527 I.
481 494 527 545 p.
539 481 729 540 287‚qui,
749 477 892 523 statim
910 478 1008 541 post
1024 494 1050 524 A
1064 495 1090 523 R
1103 495 1130 524 G
1143 493 1208 524 γε,
1226 497 1253 525 o
1267 496 1290 523 P
1303 493 1393 523 rm
1429 493 1481 523 ex
1501 477 1607 524 urbe
1631 477 1843 525 excessum
1866 478 1913 524 id

358 549 556 591 muneris
577 546 743 598 datum,
755 543 899 602 refert,
921 561 948 590 ι)
964 561 988 590 13
1001 561 1038 590 Μ
1051 563 1074 590 E
1085 563 1113 591 r
1126 563 1150 591 R
1163 563 1178 590 1
1192 564 1234 601 o,
1247 545 1508 607 scholaeque,
1521 544 1574 589 ab
1598 562 1623 590 A
1637 561 1662 590 R
1673 562 1702 590 G
1713 561 1739 589 Y
1752 562 1777 590 R
1790 562 1818 590 o
1831 562 1854 589 P
1867 561 1915 590 Y·

356 625 428 659 ιο
456 611 650 666 desertae,
674 613 794 657 hunc
824 629 847 656 a
871 615 1107 658 Laurentio
1145 613 1431 657 constitutum
1459 609 1582 657 fuiffe
1609 610 1911 660 professorem,

359 682 458 724 Nec
472 676 736 724 diffimulare
758 676 940 741 possum,
956 682 1071 725 hanc
1086 679 1223 742 ipsam
1247 696 1268 723 B
1286 696 1311 724 u
1326 695 1350 724 L
1365 695 1390 723 L
1405 693 1428 724 A
1445 695 1471 723 R
1483 695 1509 724 T
1524 696 1552 732 1,
1564 678 1635 724 etsi
1650 695 1743 724 non
1756 678 1913 742 proba·

356 744 523 791 tiffimae
543 745 709 809 semper
730 745 832 790 fidei
853 744 1085 809 scriptoris,
1110 745 1431 801 relationemffi
1453 749 1713 806 conjecturis
1733 762 1825 792 rem
1839 745 1912 790 de·

355 812 484 859 finire
506 813 651 868 liceat,
673 812 816 858 multo
843 814 955 859 mihi
980 813 1332 859 verisimiliorem
1369 814 1514 859 videri
1536 812 1689 859 altera.
1797 814 1912 870 Qlis

354 884 481 926 enim
505 880 720 933 crederet,
740 892 869 923 tantae
892 880 1084 925 audaciae
1108 878 1232 925 fuiffe
1253 896 1354 924 POL
1370 896 1382 924 1
1397 896 1448 925 Ti
1464 895 1489 924 A
1503 897 1535 925 N
1549 897 1648 933 ΠΜ,
1671 892 1740 933 ut,
1763 882 1910 924 invito

355 963 408 991 ac
428 949 647 991 renitente
668 948 935 1000 Laurentio,
981 962 1005 989 a
1031 948 1153 1005 cujus
1177 945 1392 990 beneficio
1414 948 1503 990 haec
1527 947 1718 1007 dignitas
1744 945 1910 1008 pende·

352 1013 443 1066 bat,
467 1011 674 1057 ferociter
694 1012 749 1057 ad
772 1011 813 1058 se
839 1026 1032 1074 raperet,
1071 1029 1165 1075 quae
1188 1012 1286 1056 aliis
1308 1012 1517 1058 destinata
1539 1015 1756 1058 noverat?
1811 1015 1907 1057 Per-

350 1080 478 1126 versis
500 1081 569 1125 his
591 1078 753 1124 artibus
770 1079 826 1124 ad
848 1080 1158 1142 aucupandam
1181 1079 1372 1140 gloriam
1394 1096 1504 1142 opus
1532 1083 1570 1125 ei
1592 1077 1789 1143 profecto
1811 1094 1910 1123 non

350 1160 472 1203 erat,
527 1162 627 1191 cum
667 1145 792 1191 sciret
814 1148 1102 1191 Laurentium
1135 1145 1200 1191 sui
1248 1145 1623 1201 studiofiffimum,
1661 1149 1706 1193 ὃ(
1729 1143 1909 1208 largiffi-

349 1230 426 1260 ma
451 1212 505 1258 ab
531 1229 586 1258 eo
610 1214 834 1276 expectare
853 1211 992 1276 poffet
1013 1212 1216 1258 laborum
1237 1216 1425 1275 praemia.
1494 1215 1634 1269 Dicis,
1666 1216 1908 1258 Laurentio

349 1280 399 1324 id
424 1278 688 1339 indulgente
711 1277 904 1323 factum?
940 1282 1030 1323 Cur
1051 1282 1186 1339 igitur
1208 1280 1322 1323 alius
1343 1283 1504 1324 accitus
1524 1279 1605 1334 est,
1648 1283 1725 1341 qui
1749 1279 1909 1326 scholae

347 1347 457 1393 huic
481 1344 789 1408 praeficeretur?
827 1347 915 1390 Cur
935 1344 1137 1407 spartam,
1165 1349 1256 1404 jam
1283 1359 1560 1408 occupatam,
1593 1345 1806 1403 deseruit,
1833 1361 1910 1390 cur

346 1414 528 1460 homini
554 1415 789 1476 peregrino
807 1410 989 1475 reliquit
1008 1428 1033 1456 P
1047 1428 1074 1455 o
1089 1427 1112 1457 L
1126 1429 1139 1456 1
1153 1429 1180 1456 T
1194 1429 1208 1456 1
1222 1427 1246 1456 A
1261 1428 1332 1456 Nu
1346 1416 1389 1456 s?
1429 1413 1477 1456 Id
1499 1411 1602 1458 sane
1623 1428 1703 1458 nec
1715 1416 1908 1458 Lauren-

344 1483 400 1526 tii
434 1476 778 1526 honestiffimam
818 1477 1044 1532 indolem,
1085 1494 1166 1525 nec
1185 1476 1404 1523 fervidum
1437 1492 1716 1523 romi-mn
1732 1495 1746 1523 1
1783 1482 1906 1539 inge-

340 1549 475 1593 nium
486 1542 791 1609 permissurum
810 1541 948 1598 fuiffe,
963 1548 1139 1607 opinor.
1182 1548 1290 1603 Qae
1314 1559 1575 1589 BoissARDus
1598 1561 1644 1589 ea
1663 1545 1715 1590 de
1737 1561 1783 1590 re
1804 1560 1908 1607 pro-

339 1612 429 1660 fert
442 1613 469 1660 l.
483 1627 652 1667 c.,n0n
670 1611 771 1656 satis
794 1609 872 1655 sibi
893 1612 1212 1664 constant,nec
1234 1611 1382 1656 secum
1404 1610 1492 1672 ipsa
1517 1610 1811 1654 consentiunt.
1851 1615 1905 1665 Ις,

268 1699 270 1701 ·
337 1696 439 1725 non
471 1681 698 1724 Laurentii
731 1677 887 1733 modo,
915 1676 988 1723 sed
1017 1680 1148 1740 patris
1172 1680 1307 1722 etiam
1340 1680 1478 1731 Petri,
1504 1680 1592 1730 ait,
1616 1679 1724 1738 quin
1756 1680 1801 1724 δε
1834 1679 1906 1721 avi

339 1746 499 1793 Cosmi
522 1747 593 1805 (de
617 1761 708 1809 quo
727 1760 848 1809 paene
870 1744 1057 1804 dubito)
1080 1743 1331 1808 praefetftum
1358 1741 1483 1788 fuisse
1514 1744 1783 1789 institutioni
1817 1759 1845 1788 n
1860 1760 1905 1789 E-

337 1828 648 1864 :METR1uM3
676 1811 802 1857 simul
823 1828 928 1857 vero
958 1812 1117 1857 eodem
1137 1815 1184 1856 in
1207 1812 1335 1866 loco,
1355 1808 1517 1857 veniss'e
1539 1826 1905 1864 ormi-:rmum

336 1879 484 1935 ¹refert,
498 1880 782 1936 Florentiam,
796 1895 897 1924 cum
919 1882 1115 1924 maximo
1148 1882 1239 1938 jam
1255 1878 1508 1923 auditorum
1529 1876 1736 1923 confluxu
1755 1878 1902 1924 literas

337 1951 512 1994 Graecas
535 1948 711 1993 doceret
732 1948 781 1990 in
801 1944 950 1990 schola
973 1945 1049 1990 illa
1075 1960 1439 1990 pom-smnus.
1475 1943 1902 1999 Alterumfiverum,

336 2030 437 2061 non
460 2030 579 2077 aeque
602 2029 757 2058 verum
781 2011 861 2058 effe
888 2012 1076 2057 alterum
1109 2011 1262 2075 potest.
1347 2014 1602 2073 Principum
1635 2014 1776 2070 gentis
1806 2014 1904 2056 Me-

335 2084 480 2128 dicaeae
492 2115 504 2135 ,
528 2082 638 2126 dicis
651 2118 662 2136 ‚
678 2084 724 2124 in
740 2078 845 2124 urbe
857 2078 1110 2124 Florentina
1126 2091 1435 2141 praeceptorem
1457 2075 1581 2122 fuisse
1596 2079 1901 2122 nerum-mura?

333 2153 436 2208 Qa
462 2153 594 2210 igitur
616 2145 785 2199 fronte,
808 2146 964 2210 procul
987 2143 1112 2191 fuisse
1142 2145 1197 2190 ab
1222 2144 1326 2190 urbe
1350 2143 1570 2189 Florentia
1594 2146 1638 2190 ὃς
1659 2142 1905 2189 arceffitum

331 2212 777 2276 aliunde,perhibe5,
800 2229 854 2258 eo
879 2228 1100 2275 tempore,
1131 2229 1222 2274 quo
1250 2212 1441 2257 docendi
1473 2213 1754 2274 provinciam
1777 2210 1903 2257 desti-

332 2296 475 2328 tuerat
497 2296 523 2326 A
536 2297 562 2325 R
577 2297 603 2326 G
616 2295 642 2323 Y
656 2296 682 2324 R
696 2296 723 2323 ο
736 2295 759 2323 Ρ
774 2295 833 2323 YL
847 2295 874 2323 u
889 2283 934 2324 s?
955 2279 1204 2341 Suspec‘tam
1225 2280 1298 2324 hic
1319 2278 1450 2324 fidem
1472 2277 1629 2334 habes,
1642 2281 1687 2324 ὃ(
1707 2276 1899 2341 proferre

333 2348 628 2395 falsavidesis.
701 2345 867 2405 Quodsi
891 2349 1023 2407 igitur
1047 2362 1074 2390 D
1091 2362 1162 2390 EM
1177 2361 1301 2390 ETRi
1316 2362 1343 2390 0
1365 2362 1408 2391 re
1432 2362 1529 2391 vera
1553 2345 1598 2390 id
1611 2348 1803 2390 muneris
1826 2346 1899 2391 de-

331 2418 571 2462 stinaverat
591 2416 873 2467 Laurentius,
891 2414 936 2458 id
963 2413 1087 2476 quod
1109 2411 1240 2458 facile
1264 2413 1523 2458 crediderim
1554 2427 1787 2456 BuLLARTo
1808 2411 1834 2456 l.
1859 2430 1897 2458 c.

334 2488 383 2532 ὃς
412 2498 542 2529 VARI
559 2497 578 2526 t.
594 2496 655 2528 LA
672 2496 755 2525 510
780 2480 804 2524 l.
829 2498 864 2525 c.
879 2494 922 2546 p.
945 2489 1022 2533 180,
1045 2480 1187 2540 (hunc
1209 2483 1330 2526 enim
1351 2480 1482 2526 valde
1504 2479 1679 2525 amabat
1706 2481 1897 2524 Lauren-

331 2556 447 2606 tius,
481 2553 525 2597 &
548 2548 694 2593 literas
716 2550 886 2592 Graecas
916 2546 1100 2610 putabat
1127 2550 1294 2610 optime
1317 2548 1465 2593 doceri
1489 2543 1606 2609 poffe
1632 2544 1686 2590 ab
1708 2545 1895 2592 homine

335 2620 540 2676 Graeco,)
561 2614 674 2660 nihil
700 2627 814 2669 erat,
839 2615 961 2676 quod
987 2629 1157 2659 moram
1179 2617 1419 2659 Laurentio
1440 2616 1762 2675 interponeret,
1783 2617 1894 2676 quin

336 2702 438 2730 eum
461 2686 787 2748 quamprimum
800 2684 846 2725 in
863 2682 1014 2726 locum
1033 2696 1312 2727 ARGYRoPYu
1336 2679 1893 2743 substitueret,omnernque

336 2756 394 2802 ita
418 2753 597 2817 reliquis
618 2748 865 2821 ¹involemdi
895 2753 944 2800 in
973 2748 1274 2816 munusillud
1305 2747 1582 2800 occationem
1612 2749 1891 2864 praecidet-let?

1776 2831 1801 2863 u
1825 2828 1889 2862 tas
