2064 3115
308 239 396 283 290
844 231 1205 275 HISTORIA
1261 232 1460 274 VITAE
1524 234 1534 241 ²

309 310 674 330 ——--———-—
692 312 1987 332 ——·-—-—-——-—-——.——-........-„

418 367 639 429 praeceptis
682 362 831 408 lucem
873 359 1167 409 foenerandam
1189 398 1202 418 ‚
1260 374 1331 409 aut
1367 360 1631 427 explicandas
1674 358 1989 431 philosophicas

419 429 634 479 doe‘irinas
659 465 672 483 ,
724 426 794 476 sed
848 426 1050 476 didiionis
1097 447 1145 477 ac
1195 430 1429 477 verborum
1482 434 1571 477 vim
1608 431 1945 496 investigandam
1974 470 1988 488 ,

417 513 530 547 ratus
554 534 569 553 ‚
608 497 738 562 idque
771 514 896 563 agens
920 533 933 551 ,
969 508 1016 542 ut
1050 499 1268 545 Autorum
1312 500 1699 563 partim'mentem
1734 499 1987 555 illustraret,

415 570 577 632 partim
608 567 767 612 Graeeae
802 569 846 613 ὅ(
881 567 1050 611 Latinae-
1080 565 1239 630 linguae
1276 570 1490 631 pomoeria
1526 565 1822 631 amplificaret.
1891 570 1985 617 Nec

416 638 475 681 ita
514 650 617 681 cum
662 636 815 695 injuria
879 651 902 680 Ρ
922 651 949 681 o
967 650 1020 681 LI
1037 651 1068 681 Τ
1085 651 1100 681 1
1118 651 1193 681 AN
1212 652 1228 680 1
1252 633 1513 696 ’judicamus
1537 671 1550 690 ,
1595 635 1746 700 quibus
1789 634 1845 681 ob
1885 652 1988 681 ocu-

418 702 482 749 los
532 698 750 749 versantur
801 700 927 766 ipfius
964 701 1094 748 verba
1135 705 1180 747 in
1226 703 1348 769 Epist.
1388 705 1448 752 ad
1487 722 1509 752 B
1530 722 1556 751 A
1579 720 1607 749 R
1631 720 1661 748 Τ
1682 720 1712 750 H
1730 721 1755 749 o
1772 722 1796 750 ι.
1813 719 1841 750 0
1861 711 1955 749 M‘AE
1972 733 1988 742 -

362 807 365 809 »
418 788 501 817 um
565 786 583 817 s
605 786 672 818 CA
694 787 718 816 L
740 788 823 818 AM
848 806 861 824 ‚
899 769 991 817 Lib.
1028 772 1117 817 XII.
1150 773 1247 836 Epp.
1298 788 1362 818 Po
1386 788 1439 817 1..
1478 774 1547 837 Ep.
1573 789 1652 819 zo:
1723 776 1810 819 Nec
1844 784 1991 818 tamen

408 852 491 906 pro
535 838 777 905 Philosopho
819 856 885 885 me
931 853 1036 902 gero
1059 871 1073 889 ‚
1118 844 1320 902 quamvis
1363 841 1597 899 Aristotelis
1641 839 1806 903 publice
1861 838 1991 886 libros

415 922 621 954 enarrem
650 924 667 959 ,-
741 909 788 952 &
829 904 908 950 alia
955 900 1143 964 ejusdem
1182 907 1228 949 in
1273 905 1580 959 Praelec‘lione‚
1612 922 1742 969 quam
1785 904 1990 971 inscripsst

417 977 659 1021 Lamiam:
704 975 787 1036 Ego
809 988 874 1018 me
897 972 1139 1031 Aristotelis
1164 971 1372 1038 profiteor
1405 977 1707 1039 interpretem,
1737 990 1869 1039 quam
1899 975 1989 1022 ido-

415 1057 583 1105 neum„
618 1057 703 1088 non
745 1046 913 1088 attinet
955 1039 1097 1087 dicere
1123 1057 1141 1095 ,-
1175 1040 1261 1103 sed
1298 1052 1411 1087 certe
1451 1047 1732 1106 interpretem
1760 1041 1990 1107 profiteor,

412 1107 711 1175 Philosophum
745 1125 831 1156 non
850 1107 1064 1174 profiteor.
1102 1136 1141 1142 —
1162 1136 1204 1143 -
1222 1111 1620 1156 Grammaticorum
1653 1114 1767 1156 enim
1788 1110 1900 1171 sunt
1923 1110 1985 1157 hae

400 1188 588 1242 partes,
609 1191 660 1223 ut
691 1193 809 1243 omne
839 1180 1109 1243 Scriptorum
1124 1193 1282 1242 genus,
1295 1180 1464 1235 Pectat,
1490 1178 1744 1238 Hsscricos,
1765 1179 1984 1235 Oratores,

411 1243 696 1309 Philosophor,
722 1244 933 1298 Medicas,
969 1244 1305 1308 Jureconfieltw,
1333 1250 1562 1293 excutiant
1597 1257 1729 1312 atque
1761 1255 1984 1296 enarrent.

412 1337 453 1348 --
475 1339 515 1349 -
550 1316 647 1360 Non
677 1311 919 1379 Philosophi
938 1329 1089 1359 nomen
1111 1326 1270 1378 occupo,
1292 1325 1344 1359 ut
1378 1311 1587 1362 caducum
1601 1347 1615 1368 ‚
1634 1330 1717 1360 non
1739 1330 1911 1379 arrogo,
1933 1328 1983 1362 ut

411 1381 630 1436 alienum,
645 1393 874 1448 propterea
892 1381 1012 1447 quod*
1037 1380 1308 1447 Philosopbof
1329 1397 1498 1429 enarro.
1568 1377 1654 1428 Sed
1688 1378 1786 1428 fore
1815 1381 1981 1431 ,multos

410 1446 649 1513 praevideo,
676 1451 750 1514 qui
781 1447 946 1495 nollent
981 1445 1090 1494 adeo
1117 1446 1355 1508 sejuntfium
1395 1465 1418 1492 a
1452 1446 1740 1511 Philosophiae
1767 1452 1981 1513 cognitio·

409 1532 468 1564 ne
499 1514 687 1563 studium
709 1517 1047 1569 GrammaticeS,
1080 1526 1231 1578 utpote
1271 1531 1403 1578 quam
1436 1512 1552 1561 reste
1580 1512 1756 1579 quidam
1795 1515 1981 1576 judicant

409 1581 770 1631 nobiliffimarum
802 1585 979 1637 artium,
1001 1581 1290 1646 Philosophiae
1322 1583 1549 1645 inprimiS,
1581 1579 1779 1643 praefidiis
1810 1579 1983 1628 destitu-

411 1663 503 1698 tam
523 1647 606 1698 esse
626 1668 716 1698 non
734 1648 904 1699 debere.
922 1650 1017 1697 Nee
1038 1646 1184 1696 forsan
1196 1650 1246 1694 ab
1270 1651 1334 1694 his
1347 1647 1620 1712 'ipsis,uterat
1640 1645 1816 1693 istarum
1831 1663 1980 1695 rerum

412 1736 504 1767 non
524 1715 919 1784 ignaru8,dissenfit
946 1731 1322 1777 POL1-T1AN083
1357 1717 1555 1781 inprimis
1589 1731 1690 1762 cum
1724 1726 1844 1762 certo
1877 1733 1981 1764 con·

409 1787 503 1840 stet,
518 1803 609 1833 non
635 1804 737 1834 eum
758 1784 866 1833 adeo
887 1788 932 1832 in
954 1796 1046 1833 arte
1067 1784 1138 1830 illa
1163 1787 1363 1830 omnium
1386 1780 1722 1847 praestantiffima
1746 1780 1979 1849 hospitem,

413 1857 460 1902 ὅ(
486 1851 853 1916 Philosophorum
873 1855 1002 1899 aetatis
1025 1849 1166 1906 suae‚fi
1187 1867 1278 1897 non
1312 1854 1672 1915 principem‚nec
1704 1864 1850 1897 tamen
1884 1852 1981 1900 ulti·

410 1937 552 1975 mum,
577 1917 715 1968 fuisse.
795 1922 852 1967 Et
873 1919 974 1985 quid
995 1917 1189 1966 dicemus
1220 1917 1274 1965 de
1309 1937 1332 1966 P
1349 1937 1378 1967 o
1401 1926 1425 1965 τ’.
1450 1938 1463 1965 1
1490 1935 1520 1964 'r
1540 1937 1554 1964 1
1574 1936 1603 1964 Α
1623 1937 1654 1965 Ν
1674 1936 1722 1973 o,
1757 1918 1913 1967 eodem
1937 1925 1982 1967 in

407 1987 523 2045 loeo,
539 2004 628 2054 quo
664 1989 949 2034 Grammatiei
983 2003 1147 2033 nomen
1174 1985 1417 2050 praetulerat
1452 1986 1653 2033 omnibus
1690 1986 1807 2042 aliis,
1829 1988 1978 2034 Philo-

406 2052 569 2121 sophiae
594 2052 768 2102 laudem
792 2052 1079 2120 ampledknte
1098 2055 1387 2118 potius,quam
1414 2052 1640 2102 aversante.
1679 2055 1741 2100 Ita
1762 2057 1979 2108 enimjbi-

407 2121 510 2172 dem
536 2143 545 2172 t
616 2125 690 2172 Ita
711 2122 925 2186 vobiscum
952 2121 1178 2190 paciscar:
1226 2125 1276 2170 Si
1299 2123 1440 2170 nullus
1467 2128 1517 2170 in
1537 2121 1687 2180 nostris
1706 2135 1787 2170 aut
1794 2124 1982 2190 scriptis

405 2206 486 2240 aut
499 2190 774 2254 sermonibus
798 2190 899 2239 odor
930 2192 981 2253 est
1017 2187 1318 2258 Philosophiae,
1341 2208 1460 2240 nemo
1496 2190 1660 2252 audiffe
1694 2208 1760 2238 me
1793 2191 1979 2254 Philoso-

402 2261 536 2327 phor,
573 2273 655 2307 aut
674 2276 818 2307 eorum
849 2260 1041 2325 amgzffe
1072 2257 1229 2313 libros,
1252 2258 1533 2308 arbitretur:
1557 2261 1628 2321 fin
1645 2259 1845 2326 plurima
1864 2259 1980 2323 fiant

406 2334 457 2375 in
480 2334 567 2381 eis,
603 2345 693 2394 quae
716 2326 887 2389 fidiam
907 2329 1129 2376 redoleant
1157 2328 1373 2394 aliquam,
1387 2339 1490 2375 tunc
1514 2344 1596 2381 mc,
1609 2329 1656 2389 st
1671 2345 1755 2377 non
1772 2329 1979 2396 peperisti

405 2395 546 2463 ipfiim
575 2397 709 2451 talia,
730 2395 894 2458 saltem
927 2396 1124 2459 didieiffe
1156 2397 1319 2445 credite
1351 2413 1382 2443 a
1411 2393 1667 2444 doctoribus.

291 2526 371 2591 (b)
400 2526 640 2573 Nominavi
671 2519 795 2589 supra
830 2526 964 2584 §.HL
989 2537 1075 2573 not.
1093 2523 1186 2591 (g)
1213 2524 1265 2576 ὅ
1284 2523 1356 2586 (h)
1403 2542 1426 2571 p
1443 2542 1471 2573 o
1493 2541 1517 2571 ῐ.
1540 2544 1555 2574 1
1582 2541 1614 2572 'r
1634 2543 1649 2571 1
1671 2542 1702 2572 A
1720 2541 1785 2573 Nx
1821 2543 1979 2592 praece·

402 2606 549 2659 ptores
593 2609 962 2642 MARSILIUM
1029 2610 1319 2641 nemum
1381 2596 1427 2640 ὅς
1475 2610 1800 2660 JOANNEM
1857 2614 1975 2644 An-

405 2678 437 2711 o
457 2681 484 2709 Y
505 2680 534 2710 R
552 2680 580 2710 0
601 2679 623 2709 P
644 2679 671 2707 Y
697 2678 720 2707 L
743 2678 771 2707 υ
790 2680 827 2709 Μ
847 2695 861 2715 ,
904 2678 1096 2725 quorum
1136 2661 1322 2709 alterum
1367 2679 1391 2709 ι’
1409 2680 1432 2708 L
1450 2678 1479 2710 A
1494 2681 1525 2710 T
1545 2679 1573 2710 o
1593 2680 1625 2709 N
1644 2680 1658 2707 1
1683 2679 1702 2708 s
1733 2698 1748 2717 ‚
1791 2662 1976 2713 alterum

405 2747 475 2778 AR
496 2749 511 2776 1
536 2748 555 2778 s
575 2748 606 2777 ‘r
626 2747 654 2777 o
674 2747 705 2777 ‘r
726 2748 752 2778 E
771 2748 795 2776 1.
813 2747 827 2776 1
847 2746 886 2783 s,
922 2727 1136 2777 doctrinas
1168 2729 1475 2795 praelegentem
1505 2728 1677 2793 publice
1701 2728 1860 2780 audivit
1880 2737 1973 2799 qui-

403 2794 522 2855 dem,
541 2794 612 2846 sed
636 2800 783 2846 animo
816 2795 896 2845 alia
928 2800 1079 2847 omnia
1111 2801 1284 2866 potius,
1319 2814 1452 2862 quam
1484 2795 1836 2865 Philosophiam,
1870 2812 1973 2849 tunc

1882 2886 1973 2919 am·
