2064 3115
291 174 577 254 ANGELr
645 207 1147 250 AMssRootNt
1211 203 1642 248 1²0L1T1AN1.
1743 191 1819 252 167

210 354 212 356 ’
234 336 389 390 fluunt,
425 349 470 381 ut
492 352 581 381 non
602 335 664 378 his
693 328 983 396 praeferendas
1017 329 1203 376 multum
1250 346 1423 377 veneres
1459 347 1482 376 Ρ
1500 345 1529 376 o
1547 346 1571 374 L
1590 346 1605 374 1
1621 345 1652 374 Τ
1670 348 1684 375 1
1704 347 1737 376 A
1753 346 1786 376 N
1803 346 1819 376 1

222 419 402 470 putem.

125 486 199 545 (l)
236 480 409 546 Scripsit
469 496 501 525 A
522 494 553 523 T
571 494 601 523 H
619 493 652 522 A
669 494 702 522 N
722 492 754 521 A
771 491 790 520 s
811 492 825 521 1
840 493 868 522 u
888 490 907 521 s
935 510 948 529 ‚
997 474 1296 523 Alexandrinae
1347 475 1523 521 civitatis
1541 471 1825 538 ‘Episcopum

241 554 326 597 vita
364 552 408 595 ὅ(
440 543 602 608 scriptis
634 541 944 597 nobiliffimus,
992 543 1147 598 breve,
1185 558 1224 590 at
1260 543 1561 596 lucubratum,
1605 542 1659 588 de
1698 541 1821 603 Pfizl-

241 624 327 667 mis
366 609 658 678 Opusculum,
697 629 784 677 quo
825 611 1110 658 cantiunculas
1156 631 1184 660 1>
1205 631 1236 660 Α
1254 628 1282 658 ν
1304 630 1317 657 1
1337 631 1363 659 χ)
1379 628 1395 657 ι
1413 627 1438 658 c
1459 629 1491 658 Λ
1512 626 1532 656 s
1581 607 1632 654 ad
1672 610 1823 655 homi.

243 700 348 733 num
392 684 675 743 cujuscunque
722 681 892 744 generis
936 682 1105 742 ingenia
1153 683 1198 725 &
1231 678 1420 724 actiones
1458 674 1820 726 accommodavit.

243 746 374 812 Qod
402 764 504 793 cum
534 746 586 792 ad
618 763 769 793 omnes
798 748 942 791 omnis
965 748 1092 790 aetatis
1128 747 1328 791 homines
1360 747 1579 807 pertinere
1614 743 1729 790 reete
1759 749 1824 805 ju-

191 850 206 862 .-
240 816 425 870 dicaret,
450 818 604 879 pietate
635 812 831 860 inductus
876 831 899 859 ι’
918 831 944 860 o
963 831 987 859 L
1006 830 1020 858 1
1039 831 1069 860 Τ
1085 830 1100 858 1
1119 832 1150 861 A
1168 830 1200 858 N
1223 829 1252 858 u
1271 829 1289 860 s
1313 845 1328 865 ,
1364 809 1409 856 id
1444 806 1614 864 effecit,
1644 822 1717 863 ut,
1750 814 1823 875 qui

245 885 394 931 Graeca
419 886 694 948 ignorarent,
725 884 770 928 hi
791 880 923 928 latine
941 878 1160 927 redditum
1186 883 1398 928 Autorem
1435 876 1590 925 eodem
1608 914 1620 933 ‚
1643 893 1731 941 quo
1755 894 1825 924 re-

180 959 182 963 ’
245 953 378 1018 liqui,
414 950 558 1016 legere
581 967 681 996 cum
712 947 857 996 fructu
892 946 1073 1013 poffent.
1164 950 1282 994 Patet
1314 945 1490 993 cuilibet
1525 947 1822 1007 interpretatio

247 1020 324 1068 ista
368 1023 412 1067 in
450 1018 654 1086 Operibus
703 1036 725 1064 P
745 1035 772 1065 ο
792 1035 816 1063 L
834 1033 849 1064 1
866 1036 897 1065 Τ
916 1035 931 1062 1
951 1034 981 1064 A
1002 1035 1034 1064 N
1053 1034 1068 1063 1
1086 1054 1095 1064 .
1180 1019 1388 1062 Accurate
1419 1011 1511 1060 satis
1545 1016 1590 1059 in
1623 1011 1693 1058 illa
1729 1029 1823 1059 ver-

246 1086 385 1136 satum
417 1090 724 1150 interpretem,
763 1101 817 1130 ne
851 1088 1015 1130 mirum
1049 1081 1225 1149 quidem
1258 1086 1308 1129 iis
1336 1078 1419 1129 effe
1440 1079 1605 1146 potest,
1635 1082 1709 1144 qui
1741 1097 1824 1128 no·

248 1168 370 1212 runt,
390 1161 519 1220 quam
545 1153 684 1219 plana,
724 1169 940 1218 quamque
966 1150 1017 1198 ad
1040 1150 1366 1217 intelligendum
1393 1147 1737 1204 accommodata,
1762 1147 1827 1196 di-

223 1224 376 1272 ‘cendi
408 1226 572 1269 ratione
605 1219 694 1286 ipse
735 1224 806 1267 hic
849 1217 945 1266 usus
978 1218 1024 1265 lit
1071 1236 1146 1267 AT
1166 1238 1196 1266 H
1214 1238 1246 1267 A
1263 1237 1296 1265 N
1313 1237 1344 1266 A
1361 1236 1380 1266 s
1400 1236 1415 1264 1
1439 1234 1468 1263 u
1491 1231 1528 1265 s.
1553 1214 1684 1262 Dedit
1705 1219 1827 1264 enim

208 1323 210 1326 -
250 1295 287 1338 is
319 1307 526 1354 operam,
561 1301 777 1353 ut,quem
797 1286 870 1333 fibi
894 1285 1096 1334 sumserat
1131 1283 1526 1350 interpretandum,
1558 1280 1688 1329 saneti
1721 1287 1828 1330 vatis

251 1361 479 1423 ingenium
514 1374 562 1403 ac
607 1353 954 1420 perspicuitatem
991 1357 1263 1418 exprimeret.
1336 1351 1470 1418 quue
1498 1348 1714 1399 adeofibi
1749 1350 1828 1397 da-

251 1438 348 1471 tum
387 1442 410 1470 r
429 1441 456 1470 o
474 1442 498 1470 L
518 1442 532 1468 1
553 1443 584 1470 T
605 1441 620 1468 1
639 1442 669 1469 A
688 1440 722 1469 N
739 1441 768 1469 u
787 1440 806 1469 s
847 1422 1112 1468 existimabat
1127 1457 1141 1475 ,
1177 1433 1223 1466 ut
1257 1421 1567 1485 absque'omni
1591 1419 1829 1467 verborum

231 1510 233 1513 ·
251 1502 407 1541 ornatu
432 1506 499 1535 res
520 1485 651 1534 sacras
673 1485 763 1552 ipse
784 1490 994 1551 interpres
1016 1499 1246 1539 enarraret,
1277 1485 1481 1550 suamque
1512 1489 1560 1531 in
1583 1484 1827 1550 eloquendo

250 1570 390 1606 artem
411 1562 457 1605 ὅ(
484 1556 754 1621 elegantiam,
778 1559 893 1616 cujus
929 1559 1016 1617 jam
1044 1553 1122 1601 alia
1146 1553 1340 1602 extabant
1369 1551 1703 1618 specimina,hic
1726 1570 1828 1619 qna-

252 1625 285 1675 fi
318 1624 371 1673 de
404 1623 607 1673 industria
640 1621 929 1671 dissimularet.

141 1731 243 1795 (m)
277 1727 435 1775 Praeter
462 1730 548 1790 jam
583 1737 843 1773 memoratas
857 1762 870 1781 ,
918 1721 1016 1772 alias
1055 1742 1079 1773 P
1099 1743 1126 1774 0
1144 1744 1167 1774 L
1182 1742 1197 1773 1
1214 1742 1245 1774 Τ
1259 1741 1275 1774 1
1291 1743 1323 1774 A
1339 1742 1373 1772 N
1392 1742 1408 1771 1
1453 1724 1828 1788 interpretationes

256 1798 422 1843 Latinas
461 1798 508 1841 in
549 1793 743 1858 medium
789 1792 957 1858 profert
1004 1813 1020 1859 J
1039 1813 1070 1842 A
1088 1813 1113 1842 c
1129 1831 1138 1841 .
1191 1813 1214 1842 P
1235 1812 1265 1841 H
1284 1814 1298 1841 1
1321 1811 1344 1840 L
1364 1810 1380 1840 1
1396 1812 1418 1840 P
1436 1811 1498 1840 ru
1513 1810 1530 1839 s
1594 1807 1619 1837 Β
1638 1809 1661 1837 E
1682 1810 1708 1838 R
1725 1808 1753 1838 G
1769 1807 1797 1837 o
1813 1815 1830 1827 -

243 1869 295 1914 'M
313 1864 339 1911 13
358 1883 390 1911 N
410 1881 428 1911 s
450 1883 465 1911 1
485 1880 526 1909 s⁴
551 1866 599 1909 in
635 1864 920 1930 Supplemento
944 1865 1084 1929 Suppl.
1105 1863 1255 1911 Chron.
1271 1877 1320 1927 p.
1336 1878 1430 1923 435,
1466 1858 1519 1907 de
1546 1859 1696 1924 quibus
1718 1856 1831 1921 judi-

257 1937 375 1980 cium
416 1931 596 1996 expedio
639 1948 795 1977 eorum
817 1966 831 1986 ,
866 1930 1018 1996 quibus
1063 1929 1232 1977 videndi
1253 1930 1344 1976 illas
1360 1965 1374 1984 ,
1411 1941 1481 1975 aut
1508 1926 1717 1992 legendi,
1752 1942 1830 1971 un-

255 2017 387 2064 quam
421 2001 602 2062 contigit
632 1997 821 2044 felicitas,
901 1995 1138 2062 Contigisse
1170 2015 1275 2044 vero
1299 2009 1370 2042 ant
1410 1998 1553 2058 paucis
1587 2007 1720 2058 puto,
1759 2004 1832 2039 aut

258 2068 444 2112 omnino
488 2065 606 2109 nulli.
683 2065 859 2109 Illarum
895 2068 1011 2108 enim
1025 2099 1037 2116 ,
1063 2063 1237 2116 dubito,
1274 2081 1328 2108 an
1361 2062 1448 2107 ulla
1492 2061 1636 2107 lucem
1676 2059 1832 2110 viderit

258 2131 478 2199 publicam
506 2150 517 2188 3
554 2147 633 2176 nec
660 2126 753 2176 satis
786 2128 889 2175 illud
921 2131 1029 2175 mihi
1061 2130 1219 2195 liquet,
1261 2148 1313 2175 an
1350 2126 1585 2175 tribuenda:
1615 2127 1666 2174 ad
1699 2145 1834 2174 unam

262 2211 416 2248 omnes
445 2198 523 2245 fint
563 2216 633 2246 Po
658 2214 981 2246 L1T1AN0,
1041 2199 1111 2244 De
1157 2213 1560 2245 ALEXANDRI
1600 2212 1833 2244 AeHRo-

266 2286 318 2317 m
331 2288 349 2317 s
367 2284 424 2316 1'13
442 2284 475 2311 N
488 2285 506 2313 s
524 2283 540 2312 1
559 2286 576 2314 s
611 2264 755 2313 Libris
769 2270 834 2313 IV
856 2266 1135 2328 Qaestionum
1161 2268 1432 2313 naturalium
1454 2263 1617 2310 dietum
1647 2267 1732 2325 jam
1756 2261 1830 2309 sub

263 2351 350 2385 not.
377 2337 466 2397 (h)
502 2337 622 2394 hujus
650 2340 689 2391 §.
744 2335 964 2380 Praetereav
987 2351 1017 2379 u
1036 2353 1049 2380 1
1069 2351 1091 2380 Ρ
1107 2352 1129 2381 P
1145 2351 1172 2379 0
1190 2351 1213 2381 c
1231 2350 1337 2382 RAT
1351 2351 1366 2381 1
1385 2351 1403 2381 s
1435 2331 1706 2397 Aphortsmos
1737 2347 1831 2377 cum

264 2408 596 2452 Commentariis
635 2419 664 2449 G
684 2419 716 2448 A
735 2420 758 2448 L
778 2420 800 2448 ε
822 2420 856 2447 N
873 2420 887 2448 1
927 2418 950 2447 a
991 2420 1014 2447 Ρ
1033 2419 1060 2448 o
1078 2420 1101 2448 L
1118 2421 1132 2448 1
1152 2419 1182 2448 Τ
1198 2420 1212 2447 1
1231 2404 1314 2448 AN
1337 2418 1365 2448 o
1405 2403 1449 2446 in
1470 2401 1669 2445 Latinum
1699 2411 1832 2444 trans·

267 2473 401 2527 latos,
442 2488 465 2516 B
484 2488 508 2519 E
529 2488 557 2516 R
579 2487 608 2517 G
628 2488 654 2517 o
672 2489 707 2517 M
727 2487 750 2516 E
768 2488 800 2516 Ν
820 2486 838 2516 s
859 2486 872 2514 1
893 2486 911 2516 s
952 2468 1097 2517 refert.
1171 2471 1276 2535 Qae
1305 2468 1334 2515 fi
1365 2472 1409 2515 in
1436 2467 1576 2514 lucem
1610 2462 1831 2531 prodiiffet

267 2542 581 2605 interpretatio,
603 2538 804 2583 haberent
827 2540 1028 2592 omnino,
1066 2534 1119 2585 de
1140 2537 1443 2602 quo‘multum
1474 2539 1552 2582 arti
1575 2532 1656 2581 snae
1686 2546 1833 2599 gratu·

268 2609 457 2656 latentur
474 2642 487 2661 ,
523 2608 715 2671 Hygiaeae
743 2604 835 2655 filii.
881 2600 1079 2652 vTotum
1099 2609 1143 2652 in
1169 2603 1462 2652 concinnanda
1491 2602 1563 2650 illa
1597 2599 1834 2656 desudasse,

269 2676 539 2740 multumque
562 2676 769 2738 temporis
793 2677 837 2720 ὅ(
859 2677 955 2720 artis
977 2673 1040 2720 illi
1067 2669 1318 2739 impendisse
1370 2692 1402 2720 A
1423 2691 1455 2719 N
1473 2689 1503 2720 o
1519 2690 1544 2719 E
1566 2689 1589 2717 L
1610 2689 1639 2718 U
1657 2691 1693 2726 M
1710 2709 1722 2728 ,
1743 2688 1834 2716 ma-

271 2742 420 2791 nifessa
447 2741 540 2789 satis
570 2759 635 2788 res
666 2741 736 2788 est.
806 2740 940 2789 Teste
968 2755 1068 2789 utor
1107 2761 1130 2790 P
1151 2761 1172 2790 E
1191 2760 1222 2789 Τ
1242 2759 1309 2789 Ro
1364 2759 1388 2789 c
1405 2759 1433 2788 R
1450 2759 1465 2786 1
1486 2759 1518 2787 N
1536 2760 1550 2788 1
1566 2756 1597 2788 Τ
1611 2757 1639 2786 o
1659 2737 1835 2803 ,aequali

276 2830 300 2859 ι»
321 2830 348 2862 0
367 2830 390 2860 L
407 2828 420 2858 1
438 2828 469 2859 Τ
485 2828 498 2858 1
516 2828 548 2858 A
566 2829 598 2857 N
618 2829 635 2859 1
656 2815 709 2877 ¹&
736 2807 1086 2876 discipulo,cujus
1118 2828 1170 2858 ex
1195 2812 1372 2879 Epistola
1392 2809 1455 2858 ad
1487 2826 1630 2875 Jo.1=
1647 2826 1673 2855 R
1693 2826 1723 2855 A
1742 2826 1771 2854 N
1791 2824 1837 2856 c·

445 2901 449 2902 ⁷
1064 2881 1098 2928 L
1147 2895 1171 2925 2
1630 2895 1651 2924 Ρ
1672 2895 1686 2924 1
1706 2893 1730 2925 c
1749 2893 1777 2924 υ
1797 2894 1834 2925 M
