1960 3135
165 253 238 301 522

587 239 803 329 ηιξ
781 241 1012 300 enm
1088 241 1357 284 πυτ-ιε’

284 370 537 424 temporum
558 358 781 406 historiam
805 358 1126 406 illustraturum.
1197 355 1430 406 Cultiffimi
1453 362 1538 418 ejus
1571 358 1723 406 laboris
1745 357 1836 425 spe-

285 429 428 472 cimen
448 423 562 471 dedit
584 428 628 471 in
649 428 1015 492 Menagianorum
1049 425 1236 473 editione
1264 427 1494 484 Parist'cnsi
1517 430 1626 471 anni
1644 442 1736 485 *1715
1751 461 1764 480 ‚
1790 431 1836 472 in

284 498 402 553 cujus
440 495 594 539 Tom.I.
621 507 665 558 p
671 509 759 553 374
789 493 979 556 Epistola
1026 512 1050 539 P
1069 512 1097 541 o
1119 509 1144 538 L
1166 512 1182 539 1
1202 510 1233 539 'r
1253 511 1270 540 1
1289 511 1321 539 A
1337 509 1370 538 N
1390 510 1406 537 1
1457 493 1657 536 omnium
1695 496 1836 556 prima

285 558 338 606 ad
384 576 407 604 r
422 577 448 606 E
463 576 495 605 ‘r
510 576 539 605 R
554 576 583 606 u
599 577 636 606 M
684 578 724 607 M
742 578 766 607 E
784 579 811 608 n
829 579 844 608 1
863 577 888 608 c
909 577 936 607 E
954 577 991 607 M
1034 563 1078 606 in
1096 559 1322 606 -Gallicum
1354 553 1568 615 conversa,
1581 573 1680 604 cum
1705 575 1837 607 anno-

286 626 516 672 tationibus
539 624 889 680 dofflffimis,sub
911 626 1044 673 finem
1077 644 1180 674 vero
1216 623 1404 687 ejusdem
1443 629 1562 672 Tomi
1584 638 1628 688 p.
1650 642 1722 681 41⁰
1750 624 1837 689 ipsa

284 694 377 739 haee
415 709 439 739 P
458 711 486 740 o
505 710 530 740 L
548 710 565 740 1
581 712 612 741 'r
628 711 644 741 1
662 711 695 741 A
711 711 744 741 N
761 713 776 741 1
813 693 1177 759 Epistola,qualis¹
1190 691 1341 757 scripta
1362 692 1421 739 est
1442 692 1492 737 ab
1517 693 1699 746 Autore,
1734 693 1839 756 legi-

284 770 369 807 tur.
439 762 522 814 At,
557 778 660 807 cum
701 759 1032 807 incommodum
1066 760 1218 807 Ιεξὶοῑὶ
1258 759 1498 812 videretur,
1533 757 1617 804 alio
1657 762 1703 804 in
1736 757 1837 815 loco

285 825 461 881 Latina,
490 827 576 873 alio
611 826 800 881 Gallica,
833 826 974 890 legere
995 862 1010 880 ‚
1046 826 1211 872 mederi
1246 828 1347 872 huic
1380 824 1497 871 malo
1531 823 1686 871 studuit
1731 843 1838 889 prae-

284 891 554 939 ssantisfimus
591 893 733 939 Gallus
771 897 816 939 in
850 892 1041 939 editione
1077 897 1438 957 Meflagianorum
1475 893 1845 954 Amstelodamensi

282 965 393 1007 anni
414 966 524 1014 1726,
560 965 677 1020 cujus
713 965 836 1007 Tomo
863 962 935 1006 III
972 956 1215 1022 appendicis
1241 958 1340 1005 loco
1376 956 1538 1003 acceffit
1568 964 1746 1022 uterque
1780 960 1839 1006 la-

283 1025 388 1078 bor,
409 1029 464 1070 ita
490 1025 680 1090 quidem,
694 1038 740 1071 ut
761 1043 783 1071 e
805 1028 982 1089 regione
1005 1025 1207 1089 Epistola:
1227 1028 1383 1071 Latinae
1403 1024 1612 1070 collocata
1637 1025 1687 1071 fit
1706 1026 1837 1073 Galli·

284 1109 348 1143 ca,
369 1095 413 1138 ὅζ
436 1090 506 1137 sub
538 1096 703 1156 paginae
736 1097 937 1157 cujusque
968 1092 1101 1140 finem
1134 1096 1428 1138 annotationes
1459 1091 1651 1153 legantur
1674 1093 1836 1140 Gallice

281 1155 464 1221 scriptae,
480 1163 675 1224 perpetui
696 1161 1013 1206 Commentarii
1035 1160 1179 1206 locum
1196 1159 1448 1205 sustinentes.
1484 1157 1613 1220 Qiod
1633 1157 1685 1204 ad
1707 1164 1836 1207 inter·

281 1227 598 1288 pretationem,
620 1244 709 1273 non
730 1226 789 1273 est
808 1225 1003 1279 dubium,
1018 1229 1059 1272 in
1081 1224 1395 1290 elegantissimis
1425 1224 1678 1280 habendam,
1699 1231 1744 1274 ὅ(
1773 1227 1836 1273 lu-

279 1307 457 1338 cernam
480 1290 599 1338 olere
619 1292 788 1340 artificis
811 1306 898 1339 tam
922 1293 1175 1339 excellentis.
1246 1295 1439 1357 Operam
1468 1295 1537 1339 hic
1556 1291 1668 1339 dedit
1679 1295 1836 1349 Autor,

281 1356 385 1412 ut,ss
415 1357 510 1405 fieri
534 1357 686 1423 posset,
713 1360 893 1406 verbum
911 1361 1043 1407 verbo
1072 1357 1372 1422 responderet,
1407 1358 1538 1409 flores
1569 1362 1707 1406 Latini
1736 1379 1832 1408 ean-

279 1423 380 1470 dem
402 1429 585 1489 gratiam
607 1425 821 1473 servarent
843 1430 888 1473 in
908 1424 1046 1474 solum
1060 1427 1272 1474 Gallicum
1288 1425 1724 1490 translati,fiueretque
1747 1426 1832 1475 ser-

278 1508 357 1538 mo
380 1490 526 1547 facilis,
548 1497 592 1540 6<
613 1493 665 1539 ad
686 1492 984 1540 delestandum
1009 1507 1142 1557 aptus.
1187 1496 1495 1539 Annotationes
1518 1509 1606 1538 non
1627 1493 1721 1538 sunt
1741 1495 1830 1540 vul·

276 1575 417 1622 gates,
431 1575 507 1606 nec
537 1562 812 1606 Minellianis
843 1558 1014 1613 ssmiles,
1049 1556 1118 1605 sed
1147 1556 1332 1612 seleth,
1358 1557 1427 1604 sed
1460 1557 1657 1613 eruditae,
1686 1559 1756 1605 sed
1780 1566 1831 1607 iis

278 1628 469 1672 maxime
498 1624 714 1688 legendae,
737 1629 808 1690 qui
829 1642 922 1671 rem
946 1628 1136 1670 criticam
1164 1629 1209 1670 ὅ(
1236 1625 1468 1669 literariam
1495 1623 1716 1673 seetantun.
1740 1629 1831 1673 Ha-

277 1688 461 1738 buiffent
492 1695 651 1755 igitur,
685 1691 738 1738 de
767 1709 854 1755 quo
888 1689 1123 1755 gauderent
1150 1688 1415 1743 admodum,
1450 1690 1718 1754 elegantioris
1754 1691 1831 1741 do·

275 1757 425 1804 &rinae
456 1757 640 1813 studi0fi‚
661 1756 835 1822 fi,quod
860 1756 1136 1804 destinaverat
1165 1754 1277 1820 ipse,
1300 1770 1345 1814 ut
1380 1771 1492 1821 patet
1521 1774 1573 1805 ex
1603 1760 1667 1805 his
1688 1795 1703 1814 ,
1738 1778 1833 1824 quae

276 1823 474 1887 praefatus
496 1825 555 1872 est
575 1827 918 1886 interpretationi
951 1823 1046 1877 suae,
1069 1823 1165 1880 (etsi
1194 1823 1387 1869 laborem
1419 1826 1532 1870 hunc
1562 1825 1652 1871 aliis
1690 1832 1829 1890 potius

276 1887 586 1953 suscipiendum
607 1889 777 1936 suadere
794 1889 957 1936 videtur
971 1893 1012 1936 in
1030 1895 1282 1955 Menagian.
1296 1894 1635 1957 Tonz.III.p.123,)
1649 1894 1830 1942 similem

275 1958 320 2003 in
352 1967 508 2002 ceteras
531 1974 831 2009 ,Poma-mm
868 1958 1077 2022 Epistolas
1105 1962 1471 2006 Commentarium
1494 1960 1731 2016 conficere,
1753 1981 1830 2025 per

276 2020 640 2087 ingravescentem
669 2036 770 2069 tuuc
790 2039 954 2071 aetatem
974 2024 1051 2088 ipfi
1073 2021 1266 2072 licuisset.
1348 2023 1538 2073 Dediffet
1576 2039 1676 2075 tunc
1707 2031 1828 2076 nobis

274 2089 486 2155 Epistolas
506 2108 595 2138 non
615 2089 754 2140 solum
778 2090 923 2155 ditatas
945 2091 1066 2138 valde
1087 2091 1385 2139 acceffionibus
1407 2091 1565 2140 seleffis
1590 2107 1712 2160 atque
1734 2092 1829 2144 eru*-

274 2156 386 2212 ditis,
410 2155 480 2204 sed
502 2161 636 2223 magis
657 2155 784 2205 etiam
806 2159 1151 2208 accommodatas
1174 2159 1226 2206 ad
1256 2158 1379 2207 usum
1411 2161 1633 2218 nostrum,
1669 2168 1829 2230 quippe

275 2226 320 2270 in
341 2224 490 2272 ordine
512 2225 592 2272 illis
614 2225 859 2291 affignando
887 2231 1098 2274 rationem
1132 2228 1348 2281 habiturus
1381 2233 1588 2293 temporis
1603 2268 1614 2287 ‚
1636 2248 1713 2286 ne,
1735 2249 1829 2297 quae

272 2295 533 2356 argumentis
556 2310 703 2339 rerum
725 2297 833 2340 inter
858 2292 898 2340 se
926 2295 1162 2355 conjunctae
1189 2292 1510 2359 sunt,diffipatae
1538 2300 1582 2342 in
1608 2298 1829 2362 posterum

272 2362 318 2405 ὅ(
348 2356 427 2405 suis
459 2358 572 2424 quali
602 2359 770 2406 divulsae
809 2361 1016 2409 membris
1048 2367 1242 2423 jacerent.
1318 2364 1477 2410 Probat
1517 2363 1635 2411 valde
1669 2365 1854 2413 laudat-⁷

270 2442 355 2490 que
386 2425 622 2473 institutum
653 2430 829 2475 Antoris
861 2447 924 2494 Jo
939 2469 949 2479 .
989 2445 1014 2477 c
1030 2449 1054 2477 1.
1074 2447 1098 2476 E
1120 2448 1148 2476 R
1168 2448 1183 2476 1
1204 2447 1227 2477 c
1247 2447 1275 2476 υ
1296 2448 1314 2479 s
1353 2434 1397 2477 in
1428 2424 1642 2481 Bibliothss
1661 2452 1750 2481 anc.
1773 2435 1825 2484 εἴ

271 2493 379 2539 mod.
410 2496 457 2538 T.
476 2495 542 2541 VI.
577 2496 673 2540 P.I.
696 2508 741 2558 p.
758 2511 858 2552 222,
889 2492 987 2542 non
1014 2501 1156 2558 inepte
1187 2511 1331 2544 tamen
1372 2512 1552 2554 monet,
1596 2501 1746 2547 melius
1779 2504 1825 2546 ὀί

270 2577 323 2606 ex
364 2571 467 2606 voto
500 2559 739 2606 multorum
773 2561 969 2622 asturum
1004 2562 1124 2610 fuisse
1155 2567 1298 2612 virum
1342 2564 1520 2612 dofrum
1540 2602 1554 2620 ,
1586 2567 1641 2620 fi,
1663 2560 1822 2612 ‘r‘elic‘to

271 2626 361 2673 aliis
384 2626 575 2674 vertendi
609 2627 780 2685 labore,
807 2634 962 2694 quippe
992 2648 1080 2696 quo
1111 2649 1255 2678 carere
1286 2632 1410 2697 plane
1443 2632 1568 2696 poffit
1595 2644 1659 2678 'res
1684 2633 1821 2679 litera-

272 2697 350 2748 ria,
371 2693 500 2740 nudas
536 2695 657 2741 nobis
689 2694 980 2762 simplicesque
1005 2705 1040 2744 'P
1060 2717 1086 2746 o
1110 2717 1132 2744 L
1156 2719 1171 2746 1
1195 2717 1226 2746 Τ
1247 2719 1260 2747 1
1282 2720 1312 2748 A
1329 2719 1360 2747 N
1381 2719 1395 2746 t
1439 2697 1646 2761 Epistolas
1671 2735 1683 2754 ,
1720 2718 1822 2747 cum

273 2761 606 2809 Commentariis
629 2761 707 2809 suis
732 2764 903 2818 Latinis,
915 2763 1098 2813 dedisset.
1175 2769 1306 2819 Nam,
1329 2769 1400 2829 qui
1424 2768 1484 2810 rei
1516 2763 1710 2813 literariae
1729 2765 1822 2813 sunt

273 2827 439 2884 curiosi,
462 2833 492 2876 ii
522 2833 711 2879 maxime
739 2827 985 2885 sermonem
1004 2833 1205 2882 Latinum
1239 2843 1406 2887 amant,
1434 2832 1562 2881 talem
1595 2838 1820 2901 inprimis,

1705 2901 1818 2966 quali
