2064 3115
383 244 638 287 ANGELI
678 242 1065 283 AMBROGINI
1115 240 1490 293 PQLITIANI.
1716 238 1766 289 17

149 324 1752 354 „p—-ffl—-ssffl—-h———m

234 388 414 435 florent.
437 389 559 448 cujus
581 386 785 430 meminit
802 382 918 428 idem
956 398 980 427 c
996 397 1021 426 R
1036 399 1088 426 its
1103 398 1255 427 erma.
1279 382 1303 427 l.
1330 400 1364 427 c.
1460 383 1588 428 Unde
1628 398 1768 447 patet,

234 458 521 503 Canonicum
542 453 627 497 dici
649 466 744 494 non
766 447 952 513 potuiffe
986 453 1031 494 in
1068 449 1183 495 hisce
1217 449 1474 514 diplomatis
1506 449 1674 514 publici
1699 467 1761 498 ta-

235 523 352 570 bulis
372 547 384 575 ·‚
406 537 508 565 cum
526 519 581 564 ad
603 516 732 562 illam
754 518 1017 579 dignitatem
1045 518 1250 562 nondum
1274 519 1447 564 evectus
1480 516 1581 564 esset
1610 534 1634 563 P
1649 533 1761 565 οω-

235 607 263 637 ‘r
277 607 288 636 1
302 604 366 635 tm
380 605 405 632 u
418 604 451 632 s.
551 586 610 630 At
642 587 835 630 Priorem
869 588 1000 629 etiam
1033 580 1157 630 fuisse
1193 583 1304 629 olim
1344 603 1367 629 A
1383 601 1410 629 N
1426 601 1454 631 G
1467 601 1488 630 ε
1503 599 1527 630 L
1544 601 1570 630 u
1584 600 1643 639 M,
1684 584 1758 633 etsi

236 654 372 702 nullis
395 651 655 716 scriptorum
675 651 937 697 testimoniis
958 652 1270 696 confirmatum
1297 651 1455 702 sciam3
1484 647 1696 714 colligere
1716 653 1763 701 id

235 736 384 768 tamen
406 720 512 766 licet
534 735 584 765 ex
609 717 806 783 quodam
827 735 848 762 Ρ
863 734 925 763 01.
945 732 1019 763 1T1
1038 736 1060 762 A
1076 733 1133 762 NI
1157 719 1499 781 Epigrammate,
1530 719 1666 765 obvio
1711 725 1761 766 in

234 787 393 836 libello
418 790 560 854 Engr.
584 789 685 848 ejus,
718 785 841 848 quod
881 785 1151 830 inscribitur:
1198 783 1270 829 Ad
1287 785 1582 839 Laurentium,
1592 800 1678 851 pro
1691 789 1764 833 Sa*

234 854 417 902 cerdotio
437 865 600 920 accepto
620 858 663 898 in
683 853 828 919 templo
843 856 894 898 D.
917 851 1053 906 Pauli,
1067 868 1157 896 czmz
1177 850 1314 898 adhuc
1323 848 1404 912 fitb
1413 851 1563 914 judice
1585 855 1635 898 lis
1655 852 1759 917 affin

235 926 345 982 Qae
374 922 503 967 verba
528 920 714 985 planum
739 920 932 975 faciunt,
975 919 1089 964 sacra
1131 917 1284 964 obiisse
1326 935 1423 964 Por.
1440 933 1689 966 1T¹ANUM
1712 925 1761 966 in

235 989 406 1053 templo
428 993 482 1034 D.
508 987 660 1042 Pauli,
684 992 754 1033 cui
779 990 951 1031 muneri
977 1002 1076 1030 cum
1111 986 1372 1049 plerumque
1404 985 1544 1032 soleat
1567 988 1759 1050 dignitas

235 1057 439 1122 quaedam
461 1053 744 1102 ecclesiastica
772 1055 999 1108 accedere,
1021 1052 1240 1099 prioratus
1264 1055 1485 1099 honorem
1507 1070 1531 1099 Ρ
1548 1069 1611 1101 οι
1626 1069 1764 1104 [Tm-

235 1141 310 1172 »ιο
333 1122 458 1169 fuisse
479 1123 704 1177 additum,
727 1121 934 1167 credibile
957 1121 1026 1166 est.
1100 1125 1242 1166 Litem
1261 1135 1365 1166 vero
1391 1124 1438 1165 in
1459 1125 1761 1185 Epigramma«

235 1206 279 1239 te
301 1190 384 1238 illo
407 1205 722 1244 memoratam,
748 1206 841 1253 quae
863 1189 1021 1250 judicis
1043 1189 1266 1252 expectare
1287 1188 1448 1234 dicitur
1480 1189 1768 1245 sententiam,

239 1256 442 1324 spestaffe
463 1256 576 1304 forte
594 1258 650 1303 ad
678 1259 902 1302 Canonici
925 1255 1142 1310 honores,
1165 1271 1189 1301 1>
1203 1273 1230 1300 0
1244 1269 1333 1302 ιιτ
1348 1271 1360 1302 ι
1374 1273 1397 1301 Α
1412 1272 1444 1302 N
1461 1273 1488 1302 o
1522 1257 1669 1321 postea
1690 1256 1766 1305 de‘-

243 1326 356 1372 latos
370 1358 381 1379 ,
405 1324 580 1385 colligit
602 1341 626 1369 c
639 1340 661 1368 a
674 1339 696 1368 ε
711 1341 725 1367 s
741 1339 765 1368 c
779 1339 790 1369 1
806 1340 837 1366 ω
853 1340 873 1367 B
890 1339 911 1367 ε
925 1339 954 1367 N
969 1340 979 1366 1
997 1341 1020 1367 u
1035 1341 1051 1368 s
1085 1324 1108 1367 l.
1121 1335 1156 1366 c.
1228 1321 1412 1367 Fallitur
1424 1338 1529 1369 vero
1550 1338 1767 1379 eLAusms,

242 1396 319 1455 qui
340 1408 443 1437 cum
460 1391 555 1454 ipso
577 1391 719 1435 statim
740 1390 984 1436 sacerdotio
999 1392 1223 1434 Canonici
1245 1388 1508 1450 dignitatem
1526 1390 1768 1454 pervenisse

243 1457 712 1509 ειάΡοιιτιΑΝυΜ,
761 1470 813 1500 ex
844 1457 1005 1500 eodem
1046 1457 1389 1517 Epigrammate,
1424 1456 1544 1502 unde
1586 1458 1767 1506 nullum

241 1523 376 1590 plane
397 1522 501 1569 huic
520 1523 584 1568 rei
608 1533 920 1584 argumentum
940 1524 1030 1584 peti
1050 1521 1216 1586 potest,
1268 1525 1469 1570 evincere
1497 1536 1686 1571 conatur
1718 1530 1768 1573 in

248 1595 348 1640 Vita
363 1587 448 1635 Pol.
462 1605 495 1635 c.
509 1598 545 1639 8.
554 1601 598 1656 p.
613 1603 676 1634 22.

177 1669 239 1729 (n)
272 1660 333 1704 Ex
356 1671 532 1703 centum
557 1657 705 1711 caufis,
727 1669 820 1720 quae
842 1651 1123 1701 occasionem
1144 1652 1246 1702 dare
1267 1667 1506 1704 Pounmo
1528 1669 1773 1723 potuerunt

244 1726 449 1773 mutandi
470 1728 669 1769 nominis
690 1723 926 1786 gentilitii,
951 1726 1048 1786 quis
1072 1735 1234 1769 certam
1254 1723 1365 1769 ausit
1393 1741 1556 1782 eruere,
1577 1742 1680 1774 cum
1697 1733 1767 1775 ni·

244 1793 311 1841 hil
333 1793 467 1857 plane
492 1809 541 1839 ea
561 1790 614 1838 de
637 1808 681 1838 re
701 1795 925 1838 memoriae
946 1792 1173 1854 proditum
1193 1794 1395 1838 invenire
1417 1792 1576 1840 liceat?
1607 1811 1656 1843 u.
1679 1812 1771 1844 tm·

240 1865 379 1908 τὸω
395 1877 451 1906 us
487 1875 523 1906 M
536 1875 562 1905 A
575 1876 590 1912 J
603 1876 629 1905 o
643 1875 667 1905 R
680 1875 705 1904 A
720 1872 749 1905 G
763 1877 770 1903 ι
786 1874 815 1905 u
829 1877 845 1906 s
871 1860 1076 1922 quidem,
1100 1858 1191 1920 qui,
1210 1871 1451 1923 antequam
1469 1860 1670 1908 Politiani
1686 1878 1772 1910 no-

246 1945 351 1975 men
371 1926 602 1973 adsciverit
621 1927 804 1981 Noster,
826 1925 991 1973 dietum
1020 1924 1145 1972 fuiffe
1167 1925 1370 1992 Angelum
1392 1926 1445 1973 de
1467 1929 1773 1996 Montepulcia-

244 2011 294 2042 no
313 2008 461 2059 putat,
483 1995 538 2040 ad
559 1994 702 2058 ipsum
722 1996 809 2040 hoc
839 1991 1160 2055 abrogandum,
1193 1996 1240 2039 ὃς
1271 1993 1578 2042 affumendum
1618 2011 1682 2044 1³0
1700 2012 1724 2045 ι
1739 2014 1774 2044 [-

245 2076 408 2106 ‘runi
429 2074 598 2106 nomen
618 2061 935 2107 subinvitatum
957 2077 1059 2105 eum
1082 2055 1208 2106 fuisse
1232 2064 1295 2106 ait
1321 2059 1464 2107 fausto
1487 2061 1573 2107 illo
1603 2066 1772 2121 omine,

250 2126 372 2186 quod
392 2125 464 2169 vel
485 2126 573 2186 ipse
593 2128 791 2170 nominis
812 2128 1012 2170 Politiani
1034 2125 1165 2170 sonus
1187 2128 1346 2188 prodit.
1368 2129 1434 2172 En
1452 2124 1584 2174 verba
1608 2133 1699 2191 ejus
1722 2135 1773 2178 in

250 2195 457 2255 Orat.pr0
465 2187 529 2252 fl’,
540 2190 828 2236 demutatione
846 2194 1018 2236 nominis
1025 2187 1110 2252 fili,
1124 2207 1218 2254 qua:
1232 2188 1289 2238 est
1303 2195 1348 2238 X.
1360 2194 1404 2239 in
1422 2192 1506 2241 Vol.
1517 2198 1655 2242 Oratt.
1669 2199 1773 2262 ψη,

244 2272 290 2323 p.
304 2260 375 2302 216
378 2277 394 2305 .·
429 2256 553 2319 ‚Qz‘d
568 2259 821 2313 Politianus,
852 2260 924 2302 vir
944 2260 1006 2302 ita
1022 2256 1256 2314 facundus,
1291 2253 1350 2303 ἔθ’
1380 2265 1570 2320 oratione
1595 2264 1773 2330 politus,

251 2335 300 2369 ut
322 2339 399 2369 non
407 2322 496 2386 fine
514 2322 635 2385 caufiz
655 2338 796 2370 nomen
816 2323 924 2368 illud
940 2316 1149 2386 adscivzffe
1171 2323 1396 2383 videatur,
1427 2343 1562 2376 annon
1591 2332 1774 2398 Angelus*

251 2402 377 2436 antea
397 2389 449 2435 de
477 2391 843 2459 Monte-Pulciano
852 2389 979 2451 fuzt?
1010 2392 1092 2437 Sed
1113 2407 1227 2439 vana
1247 2394 1338 2439 haec
1359 2397 1515 2451 nimis,
1549 2396 1595 2444 &
1613 2399 1777 2462 puerili

254 2456 422 2504 levitati
443 2459 806 2508 accommodatam
832 2462 1032 2522 inprimis
1056 2472 1157 2504 cum
1177 2463 1224 2505 in
1241 2475 1419 2524 promtu
1444 2463 1494 2509 fit
1513 2462 1673 2511 fortior
1693 2469 1777 2513 hu⁴

254 2526 321 2586 jus
341 2527 403 2570 rei
422 2527 537 2569 ratio
555 2530 692 2590 petita
711 2526 764 2572 ab
785 2525 874 2589 ipsa
894 2526 993 2572 Itali
1014 2527 1149 2572 nostri
1170 2532 1324 2591 patria,
1337 2543 1455 2593 quae,
1469 2527 1576 2578 ficut
1596 2537 1687 2594 jam
1710 2533 1781 2580 su·

253 2608 331 2657 pra
352 2591 519 2638 dietum
537 2592 606 2647 est,
622 2592 897 2657 scriptoribus
913 2594 1051 2640 latine
1064 2595 1312 2642 Politianum
1331 2613 1529 2646 vocatur.
1551 2599 1784 2665 Haudigi-

253 2674 326 2707 tur
341 2657 443 2724 plus
473 2658 607 2725 politi
644 2664 689 2706 in
719 2664 907 2712 nomine
926 2666 1034 2720 viri,
1064 2676 1200 2727 quam
1226 2668 1376 2730 patriae
1406 2665 1543 2720 latere
1567 2668 1783 2718 existimo.

226 2747 230 2751 -
1126 2734 1170 2779 D
1722 2737 1784 2786 At
