2064 3115
658 175 794 252 *ΞΗ
867 172 895 253 (
926 194 968 238 0
1005 174 1035 252 )
1110 172 1247 250 *slis*

82 297 646 372 POLITIANI
700 295 854 364 urbe
901 295 1122 365 ,altrice
1147 344 1164 373 ,
1223 313 1395 358 nunc
1450 277 1807 366 florentissi-

82 415 216 472 ma,
261 412 481 457 omnes
518 387 986 478 exquireremus
1031 383 1562 452 Bibliothecarum
1619 394 1683 441 et
1720 392 1808 438 ta-

83 482 461 550 bulariorum
501 477 740 543 arculas
776 473 1310 564 abditiffimosque
1343 462 1639 547 receffus,
1666 484 1804 529 non

82 569 337 639 cuilibet
378 565 682 647 reclus08‚
752 589 1042 658 quaeque
1090 563 1176 632 ibi
1215 564 1448 630 servata
1486 551 1806 645 religiose,

82 682 177 741 et,
229 678 527 749 tanquam
587 675 910 724 aeternum
972 655 1285 734 mansura,
1352 649 1543 718 literis
1612 643 1806 732 effent

78 747 469 838 consignata,
517 748 589 814 iis
626 767 947 816 uteremur
982 746 1049 813 in
1083 767 1215 812 rem
1256 740 1564 819 nostram,
1619 758 1655 803 a
1701 755 1829 810 ve·-¹

77 841 160 908 ris
233 838 384 907 hinc
470 837 984 927 distingueremus
1077 831 1543 910 commentitia,
1630 843 1806 902 tum,

76 951 241 1022 quae
273 928 496 997 tradita
520 928 808 997 accurate
844 924 1038 996 essent
1059 926 1136 994 ab
1163 925 1324 1009 aliis,
1378 940 1442 990 et
1467 914 1807 987 dubitatio-

76 1022 144 1090 ni,
192 1019 345 1088 nulli
398 1019 612 1086 locum
666 1020 1126 1111 relinquerent,
1189 1016 1623 1102 cujuscunque
1655 1089 1657 1092 Ι
1694 1004 1827 1095 ὀε-ῃ,

75 1132 251 1179 mum
300 1112 567 1200 generis,
596 1108 821 1192 essent,
888 1108 1013 1176 five
1071 1105 1240 1178 laudi
1281 1103 1584 1174 cederent
1640 1094 1803 1165 Italo

72 1200 325 1284 nostm,
352 1201 477 1270 five
512 1201 894 1292 opprobrio,
928 1196 1293 1267 fortioribus
1325 1193 1685 1262 fulciremus
1712 1206 1806 1252 ra-

75 1291 386 1372 tionibus,
413 1313 487 1356 ea
517 1315 706 1370 vem,
735 1313 895 1380 quae
919 1291 1023 1356 vel
1060 1290 1329 1378 partium
1369 1280 1648 1374 quodam
1679 1276 1804 1343 stu-

76 1381 207 1459 dio,
233 1381 336 1445 vel
361 1380 877 1445 comminiscendi
902 1398 966 1445 et
990 1375 1427 1464 intempestive
1451 1364 1830 1455 somniandi·

72 1469 315 1560 pruritu
332 1518 350 1550 ,
375 1466 476 1535 vel
500 1469 740 1558 ineptis
769 1467 1025 1535 demum
1051 1465 1463 1557 suspicionum
1488 1457 1804 1527 deliratio-

74 1558 257 1627 nibus
273 1609 291 1640 ,
319 1578 384 1626 et
417 1558 796 1644 conjecturis
824 1557 1040 1626 misere
1062 1556 1375 1636 formatis,
1419 1549 1804 1621 diffeminata

74 1649 256 1717 latius
279 1672 314 1716 a
336 1649 740 1739 scriptoribus
769 1669 834 1717 et
857 1650 1217 1718 circumlata
1244 1641 1629 1717 sermonibus
1663 1636 1802 1707 vul-

77 1741 139 1828 gi
182 1740 671 1835 intelligeremus
686 1792 702 1824 ,
750 1742 1083 1809 maximam
1133 1758 1377 1830 partem
1423 1736 1490 1802 in
1523 1730 1804 1800 dedecus

73 1829 639 1900 POLITIANI
698 1833 1081 1922 excogitata,
1119 1826 1452 1898 fortiffimis
1484 1821 1803 1891 refellere·

69 1943 210 1989 mus
237 1923 654 2012 argumentis,
698 1923 853 1991 nihil
886 1943 1124 1993 temere
1161 1921 1265 1990 vel
1303 1941 1422 2010 pro
1446 1914 1605 1984 fama
1644 1910 1803 1981 PO-

72 2010 522 2109 LITIANI,
558 2015 661 2080 vel
688 2032 912 2080 contra
947 2009 1549 2102 diligentissimorum
1587 2002 1803 2071 Histo-

75 2118 353 2167 ricorum
379 2103 776 2166 autoritatem
809 2102 1196 2181 laboranteS,
1225 2123 1348 2165 nec
1370 2093 1588 2163 nostro
1623 2093 1801 2185 quic·-

74 2207 265 2288 quam
289 2186 634 2289 tribuentes
659 2191 951 2276 ingenie,
978 2190 1084 2256 sed
1114 2211 1248 2256 eam
1276 2188 1545 2254 maxime
1573 2185 1636 2251 in
1665 2204 1800 2272 par-

74 2293 207 2342 tem
234 2276 601 2345 1ncl1nantes
626 2277 864 2364 judicio
891 2279 1142 2362 nostre,
1183 2302 1317 2371 quo
1352 2271 1801 2345 evidentissima

74 2386 590 2469 argumentorum
614 2392 731 2437 nos
754 2369 1063 2439 ducerent
1099 2369 1415 2461 pondera,
1440 2390 1537 2436 res
1578 2364 1799 2433 dubias

72 2478 156 2557 ιη.
196 2453 392 2557 dubio
442 2458 825 2558 relinquere,
874 2481 939 2529 et
981 2460 1395 2551 sagacioribus
1430 2459 1799 2550 permittere

73 2543 501 2634 dijudicandas
513 2599 532 2634 ,
559 2550 739 2622 iatius
764 2551 1213 2638 existimantes,
1253 2574 1442 2647 quam
1463 2547 1709 2633 fabulas
1734 2564 1800 2613 et

344 2690 348 2697 ’
1621 2660 1799 2710 COm·
