2064 3115
227 200 312 245 250
678 191 1379 234 H1s'r0R1A·vr·1-AE

340 316 415 367 sed
458 334 733 385 nequaquam
752 350 769 371 ,
808 312 1064 361 vertendum
1110 310 1241 360 fuerit
1264 347 1278 366 ,
1323 313 1431 358 mihi
1469 312 1645 377 quidem
1680 321 1816 383 magis
1853 319 1914 363 vi.

342 385 499 435 dentur
550 384 601 430 ad
651 380 948 430 ostentandam
974 380 1119 446 >ipsius
1157 380 1402 428 doarinam
1420 414 1434 433 ,
1469 397 1599 445 quam
1637 381 1687 428 ad
1727 384 1914 433 refutan-

344 454 445 502 dam
502 471 526 499 P
547 471 576 501 o
594 471 618 499 L
639 470 654 497 1
677 470 706 499 T
730 470 747 497 1
766 468 800 498 A
816 470 847 498 N
863 467 882 497 1
928 446 1178 503 sententiam
1199 483 1213 504 ,
1240 448 1420 513 prolata.
1521 449 1652 502 Non,
1682 451 1797 512 quod
1834 469 1913 516 pu.

345 536 419 575 to,
444 519 488 567 id
515 520 638 566 latuit
685 537 708 566 ι’
724 538 751 567 o
769 537 793 566 L
813 537 829 564 1
848 536 880 565 T
896 538 910 565 1
928 535 962 565 A
982 536 1014 565 N
1032 535 1061 564 u
1079 536 1117 565 M
1139 553 1153 575 ‚
1187 519 1318 563 tribui
1348 513 1575 563 *interdum
1601 516 1651 562 ab
1684 519 1915 566 Autoribus

346 591 466 637 hunc
489 591 648 636 Graecae
674 586 853 634 dietioni
876 584 1158 651 fignificatum
1179 603 1194 643 3
1229 597 1285 639 at,
1311 583 1414 631 ficut
1437 601 1528 631 non
1554 582 1654 632 ideo
1680 583 1787 631 alter
1818 584 1916 638 ille,

349 661 554 723 proprius
589 658 726 720 magis
764 673 813 701 ae
859 657 1070 718 genuinus
1086 688 1100 707 ‚
1146 652 1272 717 plane
1310 650 1536 718 exspiravit
1562 691 1574 710 ‚
1615 656 1673 699 ita
1708 654 1825 699 hunc
1861 668 1917 698 eo

349 727 490 789 magis
520 723 637 790 sequi
669 726 739 771 hic
759 720 934 769 debebat
978 740 1000 768 ι·
1020 739 1047 769 o
1065 742 1088 769 L
1109 740 1123 767 1
1150 737 1181 766 ‘r
1198 741 1212 768 1
1230 739 1262 768 A
1281 739 1314 768 N
1334 738 1364 766 u
1385 737 1405 766 s
1421 755 1434 775 ,
1463 738 1550 786 quo
1591 733 1680 767 erat
1710 724 1743 768 is
1778 718 1919 766 verbis

350 812 377 841 1>
394 808 425 841 A
442 810 470 839 u
491 809 510 839 s
529 812 559 839 A
578 811 611 839 N
627 807 643 837 1
659 810 697 838 Ε
736 792 1062 837 convenientior
1085 801 1209 852 atque
1249 787 1633 835 accommodatior.
1713 791 1745 836 P
1758 806 1792 836 A
1810 806 1838 834 R
1855 804 1884 834 R
1901 815 1920 825 -

354 877 388 909 Η
406 879 438 908 A
459 877 480 906 s
506 878 520 906 1
542 877 570 906 u
592 878 611 907 s
635 894 650 913 ,
696 875 799 904 cum
862 873 888 905 c
906 874 940 904 A
961 874 986 902 1.
1007 873 1036 902 1>
1055 872 1080 901 E
1098 873 1128 901 R
1147 873 1162 901 1
1180 872 1213 901 N
1230 872 1259 901 u
1279 873 1317 902 M
1374 858 1498 901 tacite
1537 854 1726 902 defendit
1766 867 1920 903 contra

353 947 388 976 A
417 946 448 973 N
467 945 496 975 G
514 944 539 973 E
556 944 677 972 LuM
701 960 715 979 ,
752 926 954 988 huncque
992 927 1038 969 in
1078 921 1236 970 ultimo
1280 922 1652 985 Miscellaneorum
1686 928 1837 989 Capite
1867 922 1922 969 de

352 998 480 1042 Luna
508 992 711 1058 perplexe
741 991 937 1039 locutum
969 1009 1018 1037 ac
1056 987 1232 1038 confuse
1267 989 1502 1051 dieit‚(vid.
1529 995 1615 1052 ejus
1638 992 1863 1053 Epistulam
1881 994 1918 1045 J,

352 1079 437 1128 qua
457 1062 559 1108 teste
578 1065 711 1108 utitur
746 1078 857 1127 με.
883 1076 1110 1129 ῦΑῡυΨε
1142 1062 1188 1106 in
1224 1063 1381 1124 Script.
1402 1077 1484 1106 non
1514 1062 1619 1106 Eccl.
1647 1053 1738 1109 TJ.
1749 1073 1797 1125 p.
1820 1064 1920 1121 109,)

355 1127 443 1195 ipse
466 1141 554 1177 tam
582 1127 829 1184 obscurum,
852 1142 1024 1193 tamque
1054 1127 1180 1181 nihil,
1207 1125 1403 1191 profert,
1426 1140 1471 1172 ut
1501 1144 1657 1192 parum
1687 1127 1738 1173 ab
1770 1143 1824 1174 eo
1855 1125 1921 1174 fa-

355 1216 441 1246 mae
487 1215 510 1244 P
527 1214 555 1245 0
571 1216 596 1245 1.
610 1217 625 1244 1
642 1216 674 1245 T
692 1216 707 1244 1
723 1215 757 1245 A
775 1216 808 1245 N
823 1216 839 1244 1
877 1194 1159 1243 metuendum
1194 1206 1357 1257 putem.
1429 1195 1567 1242 Aliter
1601 1193 1829 1243 dicendum
1861 1193 1922 1241 est

354 1265 408 1312 de
438 1268 517 1319 iis,
550 1282 645 1330 quae
674 1265 727 1311 ad
762 1269 859 1331 Cap.
884 1267 1057 1312 LXXIX
1087 1263 1329 1325 Miscellan.
1367 1281 1392 1309 P
1413 1280 1445 1309 H
1463 1283 1477 1309 l
1499 1281 1522 1309 L
1544 1281 1559 1310 1
1581 1282 1603 1311 e
1620 1282 1642 1310 P
1659 1280 1718 1312 us
1766 1281 1850 1311 MA
1866 1281 1886 1311 s
1903 1291 1922 1302 -

355 1351 457 1382 SON
495 1335 540 1378 in
570 1335 674 1394 Hist.
703 1336 812 1383 Crit,
835 1333 887 1381 de
910 1335 955 1380 la
978 1335 1081 1397 Rep.
1105 1332 1180 1390 des,v
1206 1334 1346 1378 Lettr.
1388 1335 1524 1381 TJV.
1551 1346 1597 1398 p.
1616 1350 1698 1392 274
1730 1329 1921 1378 animad-

355 1405 522 1456 vertit,
553 1401 627 1448 ubi
663 1399 826 1448 frustra·
857 1418 928 1448 Po
949 1417 973 1446 L
997 1419 1012 1446 1
1036 1417 1101 1447 Tr
1123 1416 1248 1447 ANU
1273 1416 1293 1445 s
1353 1414 1406 1444 ex
1449 1399 1589 1455 verbis
1639 1415 1879 1446 APPIAN
1900 1417 1918 1444 1

355 1473 404 1517 in
433 1473 627 1534 ⁴Syriacis
642 1503 657 1523 ,
722 1486 786 1516 uae
820 1467 872 1514 ad
915 1485 934 1514 s
959 1484 984 1514 Ε
1002 1486 1027 1514 L
1042 1485 1066 1514 E
1083 1486 1110 1512 u
1130 1483 1156 1513 c
1174 1483 1204 1512 υ
1218 1483 1257 1513 Μ
1271 1500 1284 1520 ,
1315 1465 1485 1530 Regem
1524 1468 1683 1526 Syriae,
1704 1463 1922 1529 specstant,

357 1553 578 1603 exponere
610 1486 780 1583 caugm
804 1535 1009 1582 laboravit
1029 1569 1043 1587 ,
1079 1551 1154 1581 eur
1194 1551 1220 1579 L
1241 1551 1269 1580 Y
1290 1551 1310 1580 s
1331 1551 1346 1579 1
1367 1551 1405 1580 Μ
1424 1550 1456 1579 A
1474 1549 1498 1580 c
1518 1551 1548 1580 H
1567 1553 1602 1586 1,
1639 1535 1783 1596 Regis,
1795 1531 1923 1579 facies

356 1605 560 1652 cornibus
586 1601 799 1668 superbiat
821 1606 864 1649 in
889 1599 1188 1649 Numismatis,
1258 1598 1356 1654 Sed,
1369 1599 1502 1653 idem,
1523 1597 1681 1652 nescio,
1724 1615 1777 1643 an
1787 1612 1835 1663 p.
1849 1614 1924 1656 275

349 1671 635 1720 manifestum
680 1670 792 1718 adeo
837 1688 860 1718 ι’
878 1687 906 1717 o
924 1688 947 1715 L
969 1688 984 1716 1
1006 1685 1039 1715 T
1059 1687 1075 1715 1
1094 1686 1126 1715 A
1144 1686 1176 1713 N
1193 1686 1209 1714 1
1258 1684 1458 1714 errorem
1504 1664 1834 1730 deprehenderit
1876 1669 1924 1713 in

356 1744 456 1806 Cap.
483 1743 679 1788 LXXXV
696 1737 945 1802 Mistellan.
982 1736 1053 1783 ubi
1086 1753 1316 1801 perperam
1350 1737 1616 1782 commixtos
1648 1738 1694 1781 δί
1722 1729 1923 1780 confusos

353 1807 483 1854 ludos
503 1807 703 1854 Cereales
727 1824 829 1851 curn
865 1803 972 1850 ludis
1005 1803 1270 1850 Circenfibus
1305 1802 1529 1849 existimat.
1612 1801 1774 1866 Qodfi
1803 1804 1925 1849 enim

357 1875 499 1940 legas,
517 1891 611 1939 quae
644 1877 753 1920 hanc
780 1876 826 1918 in
860 1889 956 1918 rem
990 1882 1305 1917 commentatus
1331 1870 1391 1916 est
1421 1861 1598 1924 Noster,
1630 1869 1813 1924 videbis,
1833 1887 1924 1916 non

356 1942 481 1989 aliter
504 1941 728 2002 conjtxnc‘la
758 1941 808 1986 ab
830 1957 883 1986 eo
905 1936 988 1985 effe
1009 1938 1105 1984 bina
1126 1940 1216 1986 haec
1241 1936 1446 1984 ludorum
1468 1954 1623 2001 genera
1637 1973 1651 1992 ‚
1675 1950 1798 2003 atque
1820 1955 1925 1984 con-

356 2009 501 2072 jundla
533 2008 716 2073 legimus
749 2026 773 2054 a
823 2023 855 2052 T
875 2025 906 2054 A
923 2023 947 2052 c
966 2024 981 2051 1
1000 2024 1031 2053 T
1050 2022 1078 2053 o
1116 2006 1178 2051 bis
1211 2009 1256 2050 in
1285 2007 1446 2052 Annal.
1460 2003 1555 2054 Lib.
1570 2009 1650 2052 XV.
1676 2010 1776 2072 Cap.
1792 2022 1846 2067 53
1873 2007 1925 2056 εἴ

355 2081 491 2138 74,&
518 2095 546 2124 ο
561 2094 592 2122 v
609 2096 624 2123 1
647 2093 674 2123 n
695 2095 710 2123 1
729 2093 756 2123 ο
794 2074 883 2123 Lib.
898 2077 965 2122 IV.
993 2075 1149 2134 Fastor.
1221 2071 1329 2127 Sed,
1352 2084 1569 2138 utcunque
1603 2075 1809 2119 erraverit
1843 2091 1925 2121 ro·

358 2165 385 2193 ι.
403 2166 417 2193 1
434 2165 465 2194 T
481 2163 496 2191 1
515 2163 549 2192 A
567 2162 599 2193 N
617 2162 645 2190 u
666 2163 685 2192 s
711 2181 724 2199 ,
762 2140 1058 2190 condonemus
1093 2142 1173 2188 hos
1207 2144 1247 2187 ei
1290 2157 1458 2187 errores
1476 2176 1490 2195 ,
1523 2153 1648 2206 atque
1682 2139 1725 2187 id
1747 2143 1925 2205 {cogite-

357 2231 481 2269 mus,
514 2212 545 2259 fi
577 2216 621 2257 in
654 2215 777 2265 hanc,
808 2227 890 2275 qua
910 2226 988 2256 nos
1009 2206 1095 2275 ipse
1119 2206 1372 2275 gaudemus,
1393 2207 1665 2255 clariffimam
1702 2208 1926 2256 literarum

356 2280 500 2327 lucem
524 2277 727 2327 incidisset
749 2292 843 2326 aetas
869 2283 969 2338 eim,
984 2275 1128 2324 forsan
1150 2276 1431 2325 elaboratiora
1451 2278 1541 2326 haec
1564 2281 1712 2326 omnia
1736 2280 1926 2325 ornatio-

362 2366 494 2415 taque
515 2346 717 2395 daturum
739 2346 919 2414 posteris
942 2342 1078 2394 fuiffe.

365 2548 567 2619 Haud
605 2548 878 2636 exiguus
905 2433 1350 2636 ειᾱξιξέίπειε
1376 2547 1427 2617 Ρ
1454 2547 1520 2619 O
1546 2545 1604 2615 L
1631 2543 1738 2614 IT
1769 2545 1797 2613 I
1825 2545 1924 2614 A-

240 2639 370 2709 NI
445 2641 667 2709 laudes
744 2640 1046 2707 cumulus
1100 2641 1351 2726 accedit
1417 2634 1770 2707 feliciffima
1822 2637 1926 2706 illa

243 2733 547 2802 ubertate
608 2732 900 2821 ingenii,
946 2753 1088 2824 quae
1150 2726 1643 2824 praestantiffimi
1706 2722 1927 2800 Poetae

1820 2840 1930 2909 PC&
