2064 3115
240 190 270 233 2.
822 176 1145 223 insi-omit
1191 181 1358 224 vrrae
1415 197 1419 202 ·

369 324 396 354 P
410 325 436 357 ο
451 322 477 353 R
493 323 587 356 §EN
603 320 664 365 A,·
679 309 750 355 sed
777 325 801 354 a
824 310 1043 368 Zenobio,
1067 313 1330 363 Landervici
1352 316 1546 359 Romani
1567 318 1788 362 Senatoris
1810 315 1912 362 filio

374 391 499 420 anno
529 379 577 422 C.
593 378 838 422 CCCLXX.
864 379 1094 425 conditam
1120 377 1264 427 refert.
1332 376 1468 427 conf.
1492 397 1559 428 vo
1573 398 1598 427 L
1612 398 1713 430 ATE
1727 400 1753 429 R
1769 399 1836 430 ΚΑ
1852 400 1910 430 Nl

368 443 592 489 Commeat.
610 441 754 489 urban.
775 446 822 490 L:
842 449 889 493 V„
903 462 1039 511 quem
1060 460 1208 495 tamen
1233 450 1400 497 erudite
1421 445 1661 494 refutatum
1680 453 1770 498 vid.
1790 451 1909 515 apud

374 507 822 576 ninumpffjsqq.

308 576 403 633 (k)
437 576 703 622 Accolarum
733 581 865 640 hujus
889 579 1007 632 urbis
1030 596 1267 628 numerum
1290 581 1401 629 ultra
1431 597 1598 629 novem
1619 582 1761 630 millia
1785 598 1909 631 exce·

384 642 486 688 dere
511 645 744 690 contendit
763 641 885 693 idern
905 663 1085 695 ornus
1100 663 1147 715 p.
1159 661 1223 706 45.

317 708 376 771 (l)
412 709 700 757 Nobilissimae
721 714 796 760 hic
822 731 847 759 a
868 713 1010 777 longo
1031 731 1229 780 tempore
1256 719 1511 762 Ricciorum
1534 719 1580 763 ὃ(
1598 716 1913 764 Taurusiorum

382 790 560 838 gentes,
608 795 631 825 e
652 780 812 843 quibus
835 796 902 827 tot
923 785 1126 845 prodiere
1155 786 1241 829 viri
1265 783 1554 844 dignitatibus
1583 783 1788 840 illustres,
1828 783 1911 830 flo-

383 859 582 890 ruerunt.
666 850 792 905 Qin
825 849 1142 895 &universum
1165 851 1330 894 civium
1353 866 1511 913 corpus
1539 864 1632 895 tarn
1651 852 1913 904 nobilitate,

387 927 528 972 quam
549 913 894 978 incomparabili
927 919 1130 980 inprimis
1164 917 1405 963 concordia
1428 917 1685 982 praedicatur
1712 935 1737 964 a
1762 933 1915 966 nitito

386 975 411 1022 Ζ.
436 994 470 1022 c.
485 991 533 1042 Ρ
547 994 611 1038 45.
621 976 721 1044 sqq.
1110 1052 1116 1059 .
1452 1053 1459 1061 ·

317 1043 394 1103 (m)
428 1048 527 1090 Fuit
548 1049 594 1093 &
617 1047 736 1093 bello
761 1047 999 1113 conspicua
1021 1048 1388 1097 Politianenfium
1415 1065 1568 1098 virtus.
1648 1054 1791 1100 Testes
1815 1051 1916 1099 sunt

385 1112 662 1160 Orbevetum
684 1113 858 1162 fortiter
888 1114 1144 1172 defensum,
1191 1121 1382 1182 impetiti
1419 1121 1552 1164 armis
1573 1119 1740 1168 Clusini
1764 1123 1913 1168 Turri-

380 1191 525 1242 taeque
543 1180 677 1236 fines,
723 1186 769 1230 <Sc
798 1183 1036 1229 Fullonicae
1068 1187 1227 1230 vicinae
1257 1184 1374 1230 urbis
1397 1191 1682 1249 expugnatio.
1750 1192 1914 1250 Saepius

394 1259 548 1293 tamen
574 1248 757 1294 adverso
781 1254 915 1295 etiam
936 1254 1082 1296 Marte
1104 1252 1368 1297 dimicatum
1389 1252 1444 1297 ab
1464 1252 1552 1296 illis
1578 1253 1659 1305 est,
1692 1270 1813 1298 nunc
1844 1254 1915 1301 fu-

381 1316 475 1374 gati
496 1329 520 1358 a
556 1316 979 1370 Lucinianensibus,
1033 1332 1155 1361 nunc
1197 1317 1274 1380 ipsi
1310 1317 1697 1363 Orbevetanorum
1734 1318 1916 1380 subjecti

385 1382 604 1444 imperio,
624 1397 745 1428 nunc
767 1383 1054 1437 Senenfibus,
1072 1399 1193 1429 nunc
1215 1384 1481 1429 Florentinis
1502 1386 1550 1427 in
1579 1386 1768 1448 praedam
1789 1385 1916 1433 cess‘e-

386 1462 448 1492 re.
519 1451 791 1512 Recuperata
814 1449 1039 1502 libertate,
1060 1465 1167 1494 mox
1196 1449 1353 1512 sponte
1384 1453 1432 1494 in
1464 1451 1682 1497 ditionem
1705 1453 1915 1499 Florenti-

396 1528 565 1560 norum
586 1514 628 1561 se
649 1530 933 1580 receperunt,
957 1516 1115 1581 quibus
1141 1519 1185 1563 &
1215 1517 1353 1563 hodie
1384 1531 1550 1580 parent.
1654 1520 1796 1565 Fufius
1818 1523 1918 1578 ,haec

393 1595 594 1626 enarrata
614 1583 705 1627 vid.
725 1600 794 1647 ap.
818 1585 948 1630 eund.
982 1601 1010 1629 D
1024 1599 1132 1629 nxu
1146 1600 1185 1629 M
1216 1600 1238 1628 a
1251 1598 1299 1649 p.
1308 1587 1466 1637 56--60.
1498 1600 1521 1629 Β
1536 1600 1563 1629 Α
1578 1600 1703 1633 ΜἬ.
1741 1601 1920 1633 scALAM

390 1649 440 1691 in
459 1647 562 1710 Hzst.
585 1648 691 1695 flor.
717 1652 763 1697 L.
786 1653 869 1696 III.
884 1663 931 1716 p.
942 1668 1011 1711 92.
1048 1667 1071 1696 B
1087 1667 1191 1697 ime
1206 1666 1310 1696 iuM
1336 1651 1362 1696 l.
1384 1669 1419 1696 c.
1439 1667 1520 1714 per
1538 1667 1693 1699 omnes
1720 1651 1810 1701 fere
1841 1671 1919 1718 pa-

389 1717 535 1775 ginas,
554 1732 582 1760 u
595 1732 622 1761 G
634 1733 666 1762 H
679 1734 703 1762 ε
716 1733 741 1762 L
754 1733 780 1763 L
793 1734 819 1761 u
833 1720 916 1764 Ml.
938 1735 974 1763 c.
1002 1719 1053 1766 T.
1068 1720 1104 1763 I.
1125 1733 1164 1784 Ρ.
1190 1733 1308 1764 10-02.

328 1780 392 1840 (n)
427 1785 493 1827 De
514 1782 781 1848 Episcopatu
804 1785 1092 1830 Politianenfi
1114 1789 1159 1832 ὅ(
1179 1785 1368 1849 septem,
1410 1788 1487 1848 qui
1505 1784 1573 1831 illi
1599 1784 1785 1832 ecclefiae
1816 1802 1922 1851 prae-

387 1845 595 1904 fuerunt,
628 1851 856 1916 Episcopis
875 1852 1052 1916 plenius
1073 1853 1221 1898 aCtum
1242 1854 1300 1898 est
1319 1869 1343 1897 a
1383 1869 1407 1898 Γ
1423 1868 1543 1899 nnn.
1577 1870 1606 1898 u
1621 1853 1845 1902 GR'ELLo
1871 1858 1923 1900 in

389 1917 490 1964 Ital.
511 1919 551 1962 S.
575 1918 650 1964 l.c.
759 1920 929 1965 Primus
951 1921 1056 1966 huic
1076 1920 1172 1965 urbi
1198 1919 1464 1983 Episcopus,
1512 1920 1670 1967 eodem
1692 1922 1817 1978 teste,
1864 1922 1922 1968 ad

386 1999 535 2047 preces
559 1987 715 2031 Cosmi
737 1989 755 2030 Ι
783 1991 936 2049 magni
977 1988 1187 2034 Ethruriae
1205 1990 1367 2042 Ducis,
1416 2002 1540 2032 anno
1560 1989 1644 2046 1561
1701 2005 1725 2033 a
1747 1993 1826 2036 Pio
1846 1992 1922 2034 IV.

388 2053 516 2095 Pont.
540 2053 662 2097 Max.
688 2053 947 2100 constitutus
969 2056 1026 2101 est
1055 2071 1114 2106 10.
1137 2070 1311 2100 tuccius
1332 2088 1341 2108 ,
1382 2054 1631 2101 Cardinalis
1665 2059 1803 2117 patria
1837 2059 1923 2102 Po·

388 2116 679 2183 litianus,qui
700 2133 849 2166 tamen
874 2121 986 2168 duos
1005 2126 1079 2168 vix
1099 2122 1266 2168 menses
1286 2137 1467 2168 munere
1490 2122 1570 2167 isto
1585 2121 1777 2181 fiinCtus,
1792 2125 1923 2189 spon-

388 2198 434 2230 te
455 2184 541 2230 illo
562 2185 604 2231 se
624 2186 859 2244 abdicavit,
896 2191 942 2236 ὃ(
964 2186 1192 2236 successori
1227 2206 1339 2236 svm.
1376 2205 1546 2236 acisclo
1571 2190 1752 2255 reliquit
1782 2194 1926 2240 admi·

394 2251 682 2298 nistrandum.

328 2308 388 2367 (0)
421 2321 642 2365 Omnium
664 2318 770 2375 fere,
790 2335 887 2383 qux
904 2321 961 2367 ad
981 2322 1148 2368 vidium
1169 2327 1414 2385 pertinent,
1459 2341 1605 2371 rerum
1635 2326 1929 2384 abundantia,

388 2385 520 2447 largo
536 2390 739 2450 inprimis
771 2390 815 2434 &
835 2388 1118 2450 pinguissimo
1140 2388 1366 2437 frumento
1398 2391 1601 2438 instructa
1629 2394 1728 2440 urbs
1754 2394 1828 2439 ista
1857 2395 1924 2442 di-

388 2457 517 2499 citur.
585 2454 927 2501 foecundiffimis
966 2457 1130 2503 vitibus
1177 2475 1310 2505 mons
1349 2459 1574 2506 universus
1607 2460 1925 2526 circumseptus

391 2516 466 2578 est,
490 2521 608 2566 unde
630 2535 723 2567 tam
741 2522 890 2569 dulces
915 2540 1006 2570 uvae
1031 2540 1400 2588 progenerantur,
1446 2541 1493 2571 ut
1514 2525 1583 2572 vel
1605 2528 1658 2574 ab
1681 2527 1780 2592 ipfis
1804 2543 1922 2578 exte-

389 2595 447 2639 ris
469 2588 599 2641 avide
619 2587 826 2639 bibantur
839 2623 852 2648 2
873 2607 970 2656 quae
989 2609 1014 2642 a
1029 2606 1190 2649 monte
1215 2593 1442 2644 Politiano
1461 2608 1630 2644 nomen
1652 2596 1924 2654 habent‚.va-

1853 2680 1921 2713 na
