2064 3115
296 255 551 300 ANGELI
617 252 1018 297 AMBRocth
1081 251 1495 296 POLITIANI.
1657 254 1739 304 199

1245 336 1368 345 a.-.--..--
1537 334 1739 349 -—

162 381 258 450 stu,
296 382 346 432 {5
367 383 607 439 inferciunt
616 377 717 439 ficis
737 394 757 430 ;
796 393 849 423 ex
869 393 951 442 quo
978 377 1173 439 nascitur
1195 382 1384 425 maxime
1406 379 1607 437 vitiosum
1616 378 1739 440 firi-

171 450 304 500 bendi
325 466 460 514 geum
484 464 502 501 5
551 462 644 491 cum
665 443 784 490 modo
806 444 985 504 sordidi
1005 446 1057 493 Εἴ
1085 447 1267 501 exculti,
1304 444 1424 492 modo
1431 444 1660 512 splendidi
1687 445 1739 497 εἰ

159 520 384 579 florentes,
400 524 640 581 appareant
654 528 678 560 ,.·
721 511 774 560 ἔθ’
795 514 857 571 stc
896 517 944 558 in
974 525 1062 558 toto
1081 530 1242 577 genere
1276 527 1491 580 tanquam
1522 521 1572 561 in
1606 530 1739 562 unum

173 603 331 652 agrum
388 586 484 628 lura
516 588 635 625 inter
656 579 707 640 fi
750 578 1041 638 inimiczfflma
1077 579 1237 646 sparsa
1258 580 1450 641 semina.
1491 608 1530 618 -—
1551 609 1591 618 —
1615 581 1743 644 Qid

173 658 291 701 enim
349 651 552 713 oluptan‘r
574 648 734 707 afferre
750 647 914 711 pofflcnt
944 647 1150 711 ambzguae
1195 646 1493 696 vocabulorum
1516 651 1736 715 fignifica-

173 729 321 771 tiones,
346 714 476 763 verba
502 712 777 775 transverfh,
804 711 993 778 abruptae
1020 715 1265 775 fintentiae,
1289 717 1518 775 struaura
1544 715 1736 779 salebro-

159 787 242 851 sa,
275 782 423 830 audax'
451 783 707 836 translatio.
743 797 816 827 nec
835 780 985 842 felix,
1006 798 1057 826 ac
1088 785 1286 841 intercist
1310 782 1363 827 de
1399 783 1616 840 industria
1657 802 1737 831 nu-

164 861 274 903 meri
298 857 318 898 ‚2
385 850 522 914 QM,
542 849 691 910 net-affl
713 850 781 907 est,
817 848 886 895 his
908 846 1100 894 omnibus
1127 849 1320 894 accidere
1338 883 1352 902 ,
1385 855 1464 913 qui
1502 866 1557 894 ex
1587 854 1735 914 fingu-

164 920 222 968 Iis
239 918 393 981 senfin
419 924 468 967 εἴ
491 915 621 965 verba
649 916 889 970 eruunn&
912 922 1124 963 neminem
1147 924 1405 964 imttantur.
1478 916 1593 978 Quid
1629 933 1734 964 vero

162 987 255 1034 haec
287 986 337 1033 ad
377 1004 399 1034 ι»
417 1005 446 1034 ο
465 1004 488 1032 L
511 1004 526 1032 1
551 1001 583 1031 ‘r
601 1004 615 1032 1
635 1003 668 1032 A
688 1004 717 1031 N
735 999 765 1030 u
783 1003 819 1032 M
835 1019 847 1036 ,
882 989 999 1045 cujus
1026 1001 1105 1031 nec
1128 981 1330 1031 scribendi
1370 999 1505 1049 genus
1543 982 1736 1046 hujusce·

161 1055 315 1110 modi,
340 1070 384 1100 ut
413 1060 468 1101 ita
490 1055 633 1100 dicam
651 1091 664 1108 ,
699 1055 907 1099 orationis
952 1052 1154 1099 monstris
1182 1049 1476 1097 deformatum
1507 1049 1632 1098 facile
1667 1050 1734 1100 di.

162 1138 256 1180 eas,
295 1140 374 1169 nec
396 1120 597 1169 sententia
619 1123 709 1167 haec
734 1119 811 1166 fuit
843 1124 886 1166 in
912 1121 1089 1187 Epzstola
1119 1118 1168 1166 ad
1208 1136 1233 1166 c
1253 1137 1282 1167 o
1306 1136 1333 1166 R
1359 1136 1391 1166 'r
1411 1137 1437 1167 Β
1456 1138 1476 1168 s
1496 1137 1512 1166 1
1536 1135 1566 1166 υ
1582 1137 1649 1177 Μ,
1685 1132 1734 1169 ut

163 1189 216 1236 ad
245 1194 482 1237 incomtam
522 1189 639 1235 illam
669 1196 714 1236 ὁ(
748 1191 931 1234 minime
966 1191 1159 1235 Latinam
1182 1186 1389 1234 sermonis
1424 1190 1638 1235 rationem
1658 1186 1735 1235 ad·

163 1257 421 1305 hortandam
463 1263 726 1319 juventutem
761 1255 1101 1303 existimaverit?
1185 1256 1421 1319 Nunquam
1456 1253 1510 1302 de
1553 1273 1608 1303 eo
1639 1253 1733 1321 spe·

163 1341 261 1371 rare
306 1326 533 1370 vid'toriam
572 1337 738 1389 poterat
784 1340 809 1370 c
833 1341 862 1370 0
882 1342 907 1371 R
924 1341 956 1369 τ
973 1342 997 1371 Ε
1017 1342 1036 1370 s
1058 1344 1072 1370 1
1093 1341 1122 1369 u
1144 1342 1164 1370 s
1182 1358 1195 1376 ‚
1231 1323 1325 1377 nifi,
1352 1325 1398 1369 in
1420 1338 1510 1370 uno
1551 1341 1577 1371 c
1594 1342 1609 1371 1
1627 1341 1654 1371 c
1670 1342 1732 1371 ε-

168 1408 339 1440 κοΝε
381 1390 592 1440 universas
633 1390 722 1437 illas
762 1394 944 1437 inveniri
981 1391 1191 1437 sermonis
1223 1393 1422 1444 virtuteS,
1459 1389 1730 1446 ostenderet,

160 1476 265 1523 quas
300 1463 343 1504 in
367 1463 516 1504 ceteris
550 1460 744 1504 melioris
780 1464 856 1504 aevi
882 1459 1170 1521 Scriptoribus
1204 1456 1382 1522 singulis
1415 1454 1616 1522 dispersas
1641 1462 1729 1506 ani-

160 1524 483 1573 madvertimus.
554 1526 671 1570 Mihi
705 1537 818 1569 certe
847 1523 934 1587 ipse
973 1525 1141 1571 videtur
1188 1541 1214 1571 c
1235 1541 1263 1571 ο
1283 1543 1309 1571 R
1328 1540 1362 1570 'r
1378 1540 1469 1572 1381
1487 1541 1516 1571 u
1535 1541 1584 1580 s,
1619 1523 1730 1574 dum

162 1607 190 1640 c
211 1610 226 1638 1
243 1608 268 1639 c
288 1609 313 1639 E
333 1609 363 1639 R
382 1610 410 1639 o
428 1610 460 1641 N
477 1609 501 1639 ε
519 1610 555 1639 Μ
589 1595 646 1638 ita
677 1589 781 1637 dixit
808 1589 1082 1647 imitandum,
1117 1603 1165 1638 ut
1194 1590 1354 1656 aliquid
1383 1591 1607 1647 nostrum,
1641 1595 1744 1641 ali-.

158 1660 273 1726 quid
301 1664 518 1714 naturale,
544 1662 723 1726 aliquid
749 1659 987 1722 diverflm,
1023 1659 1145 1705 nobis
1169 1658 1448 1725 relinquatur,
1462 1660 1570 1708 nihil
1600 1656 1728 1708 dixis-

157 1727 202 1776 se
243 1726 357 1774 aliud
382 1767 397 1788 ,
440 1746 567 1793 quam
612 1728 765 1774 debere
806 1730 1037 1774 imitationi
1080 1743 1107 1775 c
1127 1747 1141 1775 1
1161 1745 1186 1776 c
1206 1744 1231 1774 a
1250 1744 1280 1775 R
1297 1745 1326 1775 0
1343 1745 1377 1775 N
1392 1744 1407 1773 ι
1430 1743 1450 1775 s
1467 1762 1482 1783 ,
1517 1741 1564 1774 ut
1604 1727 1728 1777 stilus

158 1796 362 1842 omnibus
385 1800 574 1843 numeris
604 1794 805 1842 reddatur
829 1795 1057 1850 absolutus,
1090 1795 1171 1842 tale
1194 1793 1298 1861 «nid
1329 1793 1530 1844 accedere
1554 1831 1570 1851 ,
1604 1793 1727 1862 quod

154 1862 224 1910 vel
252 1866 414 1929 ingenii
452 1865 585 1910 nostri
622 1862 705 1917 fit,
742 1862 807 1910 vel
842 1880 893 1910 ex
933 1863 1024 1910 aliis
1063 1863 1353 1928 Scriptoribus
1377 1899 1391 1919 ‚
1422 1866 1495 1928 qui
1535 1862 1587 1909 ad
1621 1881 1724 1911 ean-

154 1928 258 1976 dem
290 1932 382 1978 fere
422 1935 633 1979 Romanae
663 1930 819 1996 linguae
859 1934 1150 1978 maturitatem
1198 1948 1464 1996 pervenere,
1509 1930 1720 1996 deprom-

155 2007 282 2055 tum3
316 2017 410 2063 quae
445 1997 531 2062 ipsa
554 2035 568 2053 ‚
599 2012 645 2045 ut
675 1997 790 2052 dixi,
814 1998 874 2045 est
900 1997 1103 2046 sententia
1138 2016 1163 2046 P
1182 2016 1210 2047 ο
1226 2017 1282 2048 1.1
1302 2015 1367 2045 ’Μ
1384 2017 1416 2046 Α
1433 2017 1464 2046 Ν
1483 2016 1525 2046 ι.
1605 2000 1721 2046 Ecce

156 2079 280 2116 vero,
294 2083 423 2128 quam
449 2078 612 2111 mutato
632 2065 749 2126 vultu
773 2070 859 2125 jam
880 2065 1059 2129 prodeat
1080 2081 1106 2112 c
1122 2083 1151 2112 o
1167 2084 1195 2112 R
1215 2083 1246 2111 ‘r
1268 2084 1292 2113 ε
1313 2083 1333 2111 s
1352 2083 1369 2110 1
1384 2081 1413 2111 u
1435 2082 1456 2111 a
1474 2069 1483 2111 !
1521 2066 1639 2112 Cum
1662 2082 1721 2113 eo

156 2132 244 2192 jam
262 2128 555 2196 perveniffet,
597 2146 644 2177 ut
674 2131 784 2176 nihil
815 2148 838 2175 a
876 2148 900 2178 ι’
923 2149 951 2179 o
969 2150 994 2178 t⁴
1009 2149 1024 2178 ι
1039 2149 1072 2179 τ
1088 2148 1103 2176 t
1119 2150 1151 2179 A
1169 2150 1203 2179 N
1224 2148 1255 2179 ο
1297 2128 1515 2179 dissentire
1531 2174 1536 2177 .
1553 2131 1719 2181 videre-

156 2210 254 2252 tur,
285 2216 416 2254 mox,
446 2197 559 2264 quast
594 2196 736 2261 ipsum
769 2201 994 2261 poeniteret
1021 2197 1258 2254 distorum,
1282 2200 1327 2245 in
1358 2198 1437 2245 alia
1463 2203 1614 2247 omnia
1643 2199 1718 2248 de-

157 2265 329 2322 labitur,
360 2271 422 2321 &‚
438 2269 561 2313 malle
581 2266 649 2328 fi,
664 2268 734 2319 ait,
749 2267 943 2326 aſjbclam
971 2268 1046 2328 effi
1070 2265 1310 2327 &stmiam
1342 2271 1570 2321 Ciceronis,
1581 2285 1717 2335 quam

144 2333 296 2394 filium
329 2336 525 2382 aliorum.
599 2331 724 2397 Qtafl
759 2350 861 2380 vero
892 2351 984 2382 non
1015 2337 1132 2398 longe
1166 2334 1387 2395 honestior,
1411 2336 1543 2394 (utor
1576 2336 1714 2382 verbis

157 2419 466 2456 remmam,
501 2420 593 2463 qua:
622 2401 714 2447 sunt
744 2404 788 2447 in
823 2406 910 2462 ejus
945 2400 997 2448 ad
1035 2420 1059 2450 c
1081 2419 1110 2448 0
1131 2419 1160 2449 R
1181 2419 1213 2449 Τ
1232 2420 1257 2450 E
1279 2418 1298 2449 s
1316 2421 1331 2450 1
1348 2418 1379 2448 u
1396 2419 1434 2449 M
1471 2401 1642 2463 literis,)
1665 2402 1715 2450 fit

150 2477 279 2517 tauri
292 2472 451 2532 facies,
464 2485 543 2516 aut
575 2478 681 2516 item
703 2472 850 2523 leonis,
862 2489 993 2534 quam
1003 2474 1154 2530 simia,
1179 2488 1270 2537 quae
1294 2483 1442 2517 tamen
1470 2470 1636 2517 homini
1650 2474 1715 2531 st·

152 2542 303 2588 milior
322 2541 389 2598 est,
412 2544 455 2585 ὅς
480 2539 667 2583 hominis
704 2541 967 2600 pauperrimi
1000 2538 1111 2585 filius
1137 2555 1225 2584 non
1247 2538 1430 2584 meliore
1458 2535 1574 2585 sorte
1594 2535 1713 2584 frua-

152 2616 369 2670 tur,quam
392 2605 506 2650 simia
532 2607 958 2670 Principis.AEgregie
981 2622 1256 2655 cona-nmo
1298 2603 1525 2670 respondet
1553 2621 1709 2653 ERAs-

157 2691 265 2721 mus
293 2677 338 2720 in
358 2675 476 2720 Dial.
492 2677 740 2719 Ciceronian
761 2688 801 2738 p.
818 2691 892 2731 125.
909 2674 1014 2721 edit.
1052 2689 1389 2722 HALLBAUER.
1435 2678 1485 2721 Si
1504 2690 1588 2720 vox
1607 2674 1708 2728 haec,

155 2745 358 2800 aliorum,
379 2744 539 2809 inquit,
559 2741 850 2810 complea‘h'tur
869 2744 1134 2802 Sallustium,
1148 2746 1342 2797 Livium,
1362 2742 1708 2809 Qintilianum.

922 2810 965 2860 D
986 2809 1013 2860 d
1060 2826 1085 2861 a
1581 2812 1707 2862 Seme
