2064 3115
282 232 549 275 ANGELI
619 232 1059 279 AMBROGINI
1129 231 1555 276 POLITIANI.
1703 225 1789 288 '325

111 312 467 333 -——-——--—
481 314 1785 332 —-——-————-—-—-—-—-.-——.......—-

205 356 442 406 dividuum
464 357 705 418 studiorum
720 356 888 417 fficium
927 373 950 402 Ρ
966 374 992 403 o
1013 375 1036 404 L
1058 375 1114 405 1‘r
1135 376 1148 402 ι
1172 377 1202 406 Α
1221 376 1252 405 N
1269 376 1344 406 υΜ
1388 356 1489 405 dicit
1522 360 1611 408 Lib.
1636 365 1707 409 JJL
1730 365 1784 411 dc

203 429 322 474 Poet.
356 429 453 474 Lat.
479 440 523 490 p.
548 442 603 472 m.
636 429 718 473 628.
824 424 881 467 Et
914 440 979 468 res
1023 421 1110 488 ipsa
1141 423 1290 480 docet,
1318 441 1416 473 vere
1440 423 1640 491 scripssffe
1678 448 1748 494 Jo
1767 466 1779 480 .

206 511 232 541 F
248 512 276 542 R
294 513 326 543 A
342 511 373 542 N
389 510 439 540 c.
489 509 511 537 Ρ
529 508 544 537 ι
561 508 585 537 c
608 507 636 536 u
654 507 710 544 M,
724 490 849 551 hujus
875 507 1070 554 JOANNI
1087 510 1105 538 s
1137 510 1187 538 ex
1212 493 1343 540 fratre
1366 499 1648 560 nepotem,in
1670 503 1779 546 Vita

199 564 315 615 Pici,
332 563 451 620 hujus
475 557 681 624 Operibus
702 555 915 622 praemiffa
939 575 949 607 ;
994 563 1216 608 Litcrario
1242 580 1384 609 amore
1405 564 1510 612 duos
1517 563 1605 624 fibi
1618 566 1778 630 potiffi'-

197 647 317 679 mum
344 626 549 675 devinxit
583 629 654 689 Jo.
688 629 843 680 Picus,
876 630 1089 692 Angelum
1123 631 1421 685 Pontianum,
1453 638 1600 679 virum
1635 635 1775 680 Graece

197 702 435 762 Latineque
458 693 752 754 dodffiſjimum,
775 712 848 739 nec
873 712 957 739 non
980 701 1214 743 variarum
1239 698 1475 745 literarum
1488 700 1672 758 floribus
1703 720 1772 749 re-

181 767 380 827 fertum,
409 780 459 809 ac
498 776 624 829 prope
659 761 878 809 vindicem
914 764 1085 808 Latinae
1118 763 1275 826 litiguae
1298 782 1315 817 ‚·
1386 767 1573 812 alterum
1610 773 1769 831 -Marsz-

191 833 302 878 lium
337 835 565 885 Ficinum,
602 833 684 878 &o
771 828 879 875 Sa'ne
921 847 944 876 ι)
967 846 995 875 o
1020 847 1044 875 L
1067 846 1082 875 1
1102 846 1171 876 Ti
1195 848 1227 875 A
1245 848 1278 876 N
1300 848 1389 884 us,
1446 830 1477 878 fi
1519 833 1692 895 quando
1725 841 1770 883 in

187 900 457 945 mentionem
503 916 558 945 1³1
581 916 638 946 cx
676 895 842 952 incidit,
876 900 999 943 tantis
1030 915 1131 944 eum
1162 896 1353 945 laudibus
1393 898 1588 954 extollit,
1625 913 1671 947 ut
1705 906 1769 949 ni.

137 999 143 1003 -
187 966 250 1014 hil
278 963 371 1014 fere
402 983 612 1032 magnum
633 964 681 1013 fit
713 969 758 1013 ἁ
779 968 1016 1020 eximium,
1060 983 1149 1030 quo
1182 983 1272 1013 non
1303 963 1603 1014 admirandum
1644 968 1767 1021 dicat.

186 1035 319 1096 Cujus
349 1039 517 1101 generis
536 1031 632 1081 sunt
656 1033 726 1080 illa
762 1037 858 1101 Cap.
886 1038 955 1081 XC
983 1034 1356 1097 miscellaneorum
1384 1052 1401 1080 .·
1443 1039 1564 1084 Talis
1584 1037 1639 1097 cst
1659 1043 1766 1086 item

183 1106 379 1166 Joannes
400 1107 529 1151 Picus
556 1103 624 1151 hic
645 1120 788 1155 meus,
812 1119 832 1148 e
853 1103 1193 1151 Mirandulant's
1220 1101 1495 1169 Principibus
1518 1102 1762 1166 ahsolutzffi'-

183 1189 303 1218 mum
333 1187 499 1220 natura
533 1186 654 1239 opus,
688 1189 717 1218 a
740 1189 821 1237 quo
842 1170 1108 1235 Philossphia
1131 1175 1289 1218 Latine
1306 1175 1413 1231 jam
1451 1173 1670 1220 meditans
1703 1177 1761 1222 lo-

181 1244 277 1304 qui,
279 1239 513 1300 fitmmum,
541 1253 661 1305 puto,
672 1239 909 1304 fastigium
934 1245 1124 1306 (temptet.
1162 1241 1216 1284 Et
1237 1242 1419 1303 pertinet
1441 1240 1527 1286 huc
1566 1245 1759 1290 maxime

112 1351 113 1354 ,
180 1305 313 1371 longa
333 1305 405 1353 illa
435 1309 644 1361 virtutum
677 1325 700 1354 Ρ
722 1325 736 1352 1
759 1324 782 1353 c
805 1325 819 1352 1
858 1310 1062 1361 narratio,
1090 1323 1183 1371 quae
1219 1307 1591 1368 Miscellaneorum
1616 1310 1758 1375 Caput

179 1372 386 1421 ultimum
416 1387 567 1429 ornat,
597 1378 643 1422 ἀ
662 1378 779 1436 cujus
800 1372 867 1420 vel
899 1373 1047 1420 ultima
1079 1374 1205 1421 verba
1239 1377 1324 1420 huc
1359 1373 1610 1438 proferam,
1635 1378 1756 1442 quod

176 1440 476 1492 testimonium
517 1440 795 1489 elariffimum
836 1441 1195 1506 praebeantillius
1227 1441 1409 1498 vinculi,
1445 1460 1533 1509 quo
1568 1448 1752 1506 conjun-

173 1505 266 1553 ‹stus
313 1523 406 1554 1²10
424 1525 453 1555 ο
504 1526 527 1554 Ρ
547 1527 574 1557 o
591 1527 615 1556 L
631 1526 645 1553 1
661 1526 692 1554 T
712 1527 725 1554 1
748 1526 779 1555 A
797 1526 830 1554 N
849 1525 880 1555 U
898 1527 918 1557 s
962 1512 1098 1556 vixit:
1167 1512 1210 1556 It
1239 1516 1385 1574 ngitur'
1418 1517 1616 1559 continuo
1658 1531 1750 1568 me,

172 1591 269 1622 cum
289 1593 370 1643 quo
387 1582 559 1641 partiri
590 1593 716 1624 curas
735 1576 1015 1636 dulczffimas,
1051 1576 1103 1625 Εἴ
1123 1577 1659 1642 nugarifitavitemfhlet,
1697 1585 1750 1631 εἴ

171 1658 296 1710 quem
317 1641 403 1704 fibi
416 1645 665 1704 studiorum
687 1658 819 1711 prope
848 1644 1052 1704 afflduum
1087 1652 1283 1692 comitem
1308 1645 1419 1711 (qui
1437 1644 1641 1707 fiemmus
1675 1649 1748 1697 ho·

169 1716 279 1772 nor)
314 1713 479 1777 allegit,
515 1719 555 1761 is
578 1729 643 1760 me
665 1713 829 1771 institit
855 1712 918 1759 ad
947 1711 1260 1779 Philosophiam
1282 1715 1366 1760 διε.
1437 1713 1532 1761 Nec
1554 1712 1745 1765 diffimu-

169 1776 226 1826 lat
248 1777 423 1834 ibidem,
439 1798 461 1827 P
477 1796 492 1827 1
509 1797 534 1827 c
555 1800 570 1827 1
606 1777 876 1846 potiffimum
897 1778 1092 1836 consilio,
1116 1783 1162 1827 &
1183 1783 1331 1828 amicis
1352 1777 1744 1840 adhortationibus,

165 1843 424 1905 faciummt,
447 1864 576 1913 quam
610 1860 727 1895 antea
759 1845 1015 1896 fastidiverat
1061 1864 1208 1913 paene,
1246 1861 1360 1896 certe
1399 1846 1566 1913 segnius
1602 1849 1743 1900 fuerat

166 1912 455 1969 consedimus,
489 1915 704 1977 ardentius
736 1921 820 1977 jam
847 1914 1237 1981 complefflendam,
1252 1914 1406 1982 suaque
1430 1935 1562 1982 opera
1586 1922 1629 1965 in
1650 1939 1740 1966 ma-

166 1984 250 2041 iori
287 1981 383 2029 luce
413 1983 727 2039 collocandam,
751 1981 1072 2047 Philosophiam
1096 1982 1274 2031 duxerit.
1347 1985 1441 2031 Nec
1465 1989 1607 2032 minus
1631 1988 1738 2034 illud

164 2052 404 2095 tenerrimo
427 2055 570 2096 amori
596 2049 886 2104 tribuendum,
912 2049 1046 2112 quod,
1063 2049 1279 2114 ingeniosa
1313 2055 1504 2098 nominis
1529 2059 1759 2102 mutatio-s

163 2131 235 2168 ne,
261 2134 283 2162 P
301 2135 316 2163 1
334 2133 357 2163 c
376 2133 405 2161 u
427 2134 462 2162 M
503 2119 618 2164 hunc
650 2118 887 2177 Phoenicem
906 2118 1039 2178 fitam
1061 2151 1075 2170 ,
1128 2124 1177 2164 in
1209 2118 1346 2180 sacra
1387 2120 1609 2168 Medicum
1640 2126 1734 2170 lau-

164 2200 214 2229 ro
268 2184 607 2242 nidificantem,
659 2182 797 2241 dixit,
848 2196 894 2230 ut
936 2202 986 2230 ex
1044 2201 1269 2233 BAccu
1336 2203 1626 2235 UGOL1N1
1681 2191 1733 2238 ad

166 2267 327 2300 ROBE
351 2269 536 2298 RTUM
581 2269 599 2297 s
623 2270 984 2300 ALVIATUM
1011 2286 1023 2305 ‚
1063 2253 1186 2313 (Lib.
1229 2257 1320 2302 VII.
1344 2258 1449 2319 Epp.
1490 2273 1622 2318 poi.
1657 2262 1728 2324 Ep.

112 2321 289 2379 ·5‚>&
319 2336 369 2365 ex
404 2318 530 2383 ipfius
559 2339 660 2367 PoL
686 2339 923 2368 1'1’1AN1
973 2318 1038 2366 ad·
1077 2339 1141 2367 Hx
1166 2338 1360 2368 ERON.
1404 2340 1475 2370 no
1500 2342 1723 2373 NATUM

161 2385 308 2441 literis,
345 2386 463 2444 (Lib.
477 2391 531 2436 II.
559 2392 627 2451 Ep.
654 2393 740 2443 10,)
775 2401 898 2451 patet.
973 2386 1053 2434 Sed
1088 2393 1287 2435 omnium
1329 2394 1520 2437 maxime
1558 2410 1661 2441 POL
1681 2413 1726 2440 1-

161 2470 338 2503 T1AN1
375 2473 474 2521 erga
508 2459 754 2521 Principem
787 2454 1145 2503 Mirandulanum
1179 2475 1379 2504 amorem
1409 2459 1610 2507 testantur
1638 2468 1725 2522 ejus

159 2525 284 2568 variae
309 2521 361 2569 ad
413 2542 558 2572 1’1cu
581 2544 617 2572 M
662 2523 897 2589 Epistolae,
936 2541 1028 2590 quae
1063 2524 1189 2573 Libro
1224 2528 1271 2580 J,
1313 2529 1416 2582 VII,
1448 2529 1498 2577 Εἴ
1521 2533 1604 2576 XII
1627 2534 1723 2595 [ξυμ.

161 2607 296 2641 POL.
333 2592 561 2653 leguntur,
599 2592 703 2639 nihil
736 2596 1067 2658 pigmentorum
1114 2594 1338 2651 habentes,
1385 2592 1455 2641 sed
1495 2611 1639 2660 aperte
1676 2603 1722 2646 ὅ(

156 2653 483 2706 familiariffime
511 2658 688 2725 scriptae.
727 2678 736 2683 ’
757 2659 945 2708 Laudant
971 2662 1034 2708 hae
1064 2659 1258 2708 divinum
1278 2665 1501 2726 ingenium
1531 2682 1657 2720 P1c1,
1674 2670 1719 2714 &

156 2724 336 2789 insignes
365 2731 408 2774 iu
432 2726 704 2793 Philosophia
736 2733 780 2776 ὅ(
821 2728 937 2794 poesi
967 2727 1236 2794 progressus,
1271 2730 1433 2796 aliaque
1468 2749 1625 2796 magna
1671 2752 1718 2782 o-

157 2797 302 2861 mnia,
320 2813 511 2867 quorum
535 2800 659 2865 copia
691 2797 874 2851 mirifice
901 2797 1157 2847 instructum
1179 2795 1434 2867 fuiffe'hunc
1456 2802 1719 2870 Principem,

943 2865 1026 2915 Uu
1446 2866 1449 2867 ⁷
1646 2872 1713 2919 vel
