2064 3115
655 193 790 269 {3153}
869 191 898 268 (
938 208 979 250 0
1018 190 1046 267 )
1127 188 1262 265 5⁴31&

80 318 220 376 tur,
257 291 749 363 doctisfimarum
785 291 1136 371 delectum3
1193 292 1276 357 ita
1305 289 1457 355 mihi
1483 288 1625 378 ipfi,
1661 310 1807 354 curn

75 390 358 479 primum
406 381 640 474 aliquid
686 384 991 470 tempori-s
1040 403 1282 471 ponere
1327 380 1514 469 coepi
1557 381 1622 445 in
1672 400 1812 466 per-

88 475 441 546 volutandis
467 471 986 562 aestimandisque
1026 473 1305 562 optimae
1342 489 1533 536 notae
1569 468 1810 556 scriptis

87 568 269 647 hisce,
282 582 516 633 tantam
543 561 1061 648 statiminjectam
1097 560 1301 629 fateor
1325 561 1439 629 viri
1461 559 1676 626 summi
1700 556 1809 623 ad—

87 655 511 736 mirationem,
537 672 634 734 ut,
662 652 706 718 fi
743 675 1106 742 quenquam
1144 652 1364 732 alium,
1404 652 1575 718 hunc
1609 648 1807 737 ipsum

76 749 384 827 maxime,
424 744 605 831 hujus
634 744 699 810 in
727 743 1007 809 dicendo
1042 743 1303 809 virtutes
1342 759 1406 806 et
1444 737 1808 819 artificium,

73 836 262 922 :hujus
280 858 540 903 veneres
568 854 632 901 et
654 833 907 924 lepores*
929 830 1267 900 imitandos
1284 831 1436 898 mihi
1458 829 1812 918 exprimen-

79 924 328 1017 dosque
354 924 678 993 sumserim.
767 924 995 991 Nolim
1021 947 1207 1004 vero,
1233 921 1572 1001 existimeS,
1599 919 1809 1007 primo

79 1017 232 1105 mihi
269 1017 657 1106 perspectam
694 1016 758 1081 in
799 1012 1535 1083 POLITIANowillam
1574 1009 1808 1081 doctri,-

79 1131 196 1175 nae
233 1107 600 1176 ubertatem
631 1125 694 1173 et
756 1105 1221 1197 praestantiam,
1257 1099 1636 1191 ,famamque
1673 1099 1806 1185 ejus

78 1199 158 1265 in.
180 1199 440 1266 aliorum
467 1196 546 1264 ad
574 1197 745 1264 hunc
781 1220 982 1287 usque
1022 1196 1190 1263 diem
1227 1193 1626 1283 ignoratione
1664 1212 1806 1257 ver-

81 1288 286 1354 satam.
345 1296 348 1299 ’
387 1290 476 1353 Ea
511 1288 751 1375 semper
789 1288 1105 1367 omnium,
1161 1308 1325 1374 quos
1369 1283 1592 1372 aliquis
1634 1280 1807 1369 cepit

79 1377 397 1443 literarum
427 1400 621 1456 amor,
636 1378 990 1442 communis
1013 1399 1142 1442 vox
1165 1375 1314 1454 fuit,
1339 1373 1463 1439 ΡΟ
1480 1369 1806 1438 LITIA-

79 1464 153 1533 N
174 1466 316 1532 UM
365 1466 580 1532 aetatis
611 1466 941 1555 gentisque
980 1462 1120 1531 suae
1155 1463 1453 1529 eximium
1487 1456 1659 1527 fuiffe
1697 1458 1806 1525 de-

72 1578 209 1636 cUS,
237 1573 319 1636 et,
345 1554 550 1623 finon
585 1555 966 1644 fingulorum
985 1573 1344 1646 ,quotquot
1376 1573 1653 1643 unquam
1680 1550 1806 1617 lau-

73 1644 347 1712 dabilem
385 1648 449 1712 in
486 1648 715 1737 qrois
751 1645 1118 1713 eruditionis
1159 1666 1388 1734 genere
1423 1640 1685 1732 posuere
1712 1642 1804 1707 in·-

72 1735 399 1820 fdustriam‚
422 1733 722 1827 superasse
748 1737 1006 1825 gloriam
1037 1736 1341 1803 dicendus
1379 1733 1484 1814 fit,
1522 1732 1687 1799 hanc
1714 1751 1806 1799 ta-

68 1842 224 1894 men
247 1849 395 1916 prae
421 1828 632 1895 multis
647 1828 1156 1917 aliisfingularem
1170 1826 1369 1902 laudis
1383 1823 1613 1892 habere
1627 1845 1805 1913 prae·

69 1920 422 2006 ¹rogativam
438 1969 455 1999 ,
483 1919 660 2010 quod
685 1920 749 1987 in
776 1917 898 2000 illa,
923 1942 1081 2010 quae
1108 1917 1255 1986 satis
1271 1916 1476 1984 adhuc
1501 1912 1804 2004 regnabat

73 2030 189 2100 per
211 2009 445 2075 Italiam
462 2060 479 2090 ,
493 2008 791 2089 barbarie,
808 2033 959 2076 cum¹
983 2010 1211 2091 duces,
1232 2030 1393 2098 quos
1417 2005 1802 2096 sequeretur,

72 2093 208 2158 fere
240 2099 479 2174 nullm,
541 2101 805 2163 comites
837 2100 1109 2165 ‘haberet
1157 2097 1421 2164 consilio
1457 2093 1802 2160 admodum

74 2180 351 2282 dissonos
367 2234 384 2263 ,
418 2183 559 2251 solis
582 2186 814 2274 ingenii
840 2186 1153 2276 studiique
1177 2185 1512 2257 instructus
1540 2183 1803 2250 admini-

67 2271 264 2370 culis,
289 2271 569 2355 adeam,
623 2281 826 2341 aetate
861 2297 1081 2364 parum
1115 2294 1452 2366 provecta,
1497 2297 1801 2365 pervene-

73 2360 639 2451 r1t—haud‘vulgaris
669 2363 997 2433 doctrinae
1030 2368 1483 2447 maturitatem,
1519 2388 1705 2457 quam
1733 2365 1800 2431 in

72 2449 192 2552 hac
218 2451 787 2523 clarissima-artium
814 2476 877 2523 et
901 2456 1294 2524 scientiarum
1310 2457 1454 2524 luce
1476 2479 1588 2545 per
1605 2479 1802 2523 omne

74 2559 236 2611 vitae
250 2541 390 2624 suae
408 2545 783 2641 curriculum
808 2544 1059 2634 assecuti
1073 2549 1213 2634 sunt
1233 2545 1802 2641 paucisfimfflnde

232 2672 237 2677 .
1675 2660 1800 2708 nee
