2064 3115
566 156 599 244 ἓν
699 197 1109 238 HISTORIA
1177 197 1389 241 VITAE

328 302 607 373 nesciatfideo
627 320 901 382 requirimus,
925 336 995 374 ne,
1017 336 1150 385 quam
1170 317 1261 367 satis
1283 316 1516 366 affecututn
1535 316 1577 368 se
1596 331 1732 384 putat,
1752 323 1890 367 Auto-

328 390 386 435 ris
415 399 609 434 mentem
631 385 804 443 vocibus
831 384 978 434 reddat
1010 399 1082 434 aut
1103 386 1359 435 dic'l‘ionibus
1396 389 1579 451 ineptis,
1615 391 1661 436 ὅ(
1704 385 1758 434 ad
1797 405 1894 435 rem

327 452 462 520 ipsam
480 460 636 518 parum
658 453 994 502 accommodatis
1007 493 1020 512 ‚
1042 468 1114 502 aut
1132 458 1334 503 Graecum
1354 458 1508 520 magiS,
1527 470 1659 520 quam
1677 455 1896 510 Latinum,

327 523 563 569 verborum
582 519 784 569 ordinem
805 523 997 581 instruat,
1039 520 1109 570 sed
1141 523 1299 589 linguae
1339 528 1542 588 cujusque
1576 521 1713 586 probe
1751 521 1895 570 distin-

329 603 431 655 guat
449 592 617 654 genios,
636 592 682 636 &
703 587 882 636 eandem
903 593 1078 637 Antoris
1099 592 1239 638 Graeci
1272 595 1524 656 gravitatem
1537 625 1550 644 ,
1572 587 1749 636 eosdem
1774 588 1897 654 lepo-'

329 673 397 705 res
414 694 428 712 ,
451 659 604 704 Latino
636 655 808 703 indutos
833 658 997 713 habitu,
1021 675 1110 723 prae
1127 657 1170 706 se
1191 657 1313 709 ferar.
1382 656 1652 706 Ardlioribus
1685 655 1826 703 nolim
1848 655 1897 702 li-

329 725 504 771 mitibus
535 736 672 771 artem
694 724 1005 789 interpretandi
1034 725 1414 793 circumscriptam.
1489 723 1622 791 Qod
1652 727 1771 772 enim
1808 736 1897 770 tam

330 791 478 857 rigidis
513 792 677 858 legibus
721 791 1028 858 interpretandi
1064 793 1265 842 officium
1297 793 1562 859 adstringunt
1590 790 1816 847 nonnulli,
1850 803 1897 837 ut

332 858 612 907 minutiffima
644 877 822 924 quaeque
841 863 1016 907 Autoris
1053 862 1208 916 verba,
1241 879 1334 926 quae
1370 861 1478 907 nihil
1510 857 1684 925 prorsus
1715 858 1769 907 ad
1801 876 1900 907 rem

330 925 726 991 speciant,quaeque
751 924 1059 990 supervacanea
1088 927 1232 975 dicere
1255 927 1401 993 poffis,
1426 928 1609 981 leviores
1640 942 1794 973 omnes
1820 943 1898 973 vo-

331 993 445 1040 culas
481 992 778 1040 &literarum
810 997 977 1058 apices,
1009 993 1209 1061 religiose
1247 992 1532 1043 observandos
1557 992 1739 1042 doceant
1770 991 1901 1040 inter-

332 1063 445 1127 preti
468 1080 481 1119 ;
550 1063 597 1107 in
631 1078 685 1108 eo
709 1065 755 1109 ὅ(
779 1062 942 1110 morofi
964 1066 1111 1120 nimis,
1130 1068 1176 1112 &
1195 1067 1242 1111 in
1263 1065 1422 1110 Latinae
1453 1062 1611 1128 linguae
1646 1059 1901 1128 dignitatem

333 1125 663 1195 quodammodo
683 1132 844 1191 injurii,
856 1128 1066 1181 videntur.
1136 1128 1389 1179 Indulserim
1412 1132 1523 1178 hanc
1545 1133 1595 1177 iis
1615 1127 1898 1184 severitatem,

333 1196 424 1250 ubi,
440 1199 610 1242 retentis
638 1195 836 1260 lingulis,
851 1199 1011 1245 Latinae
1032 1197 1213 1246 diffioni
1234 1197 1361 1246 suum
1384 1198 1578 1245 constare
1600 1198 1735 1246 robur
1757 1193 1900 1263 pom

332 1265 407 1317 At,
427 1280 529 1309 cum
550 1264 709 1309 Graecae
724 1264 970 1331 Latinaeque
1000 1265 1159 1331 linguae
1180 1284 1271 1314 non
1293 1265 1445 1314 eadem
1464 1264 1530 1321 fit,
1551 1277 1598 1312 ut
1628 1265 1804 1320 constat,
1834 1282 1902 1311 ra·

333 1334 413 1385 tio,
434 1347 644 1396 vocesque
665 1328 812 1396 saepius
833 1335 881 1380 in
909 1334 1056 1380 Graeca
1076 1336 1274 1381 oratione
1297 1333 1493 1381 adhibeas
1511 1368 1526 1388 ,
1555 1349 1656 1399 quas
1675 1336 1722 1380 in
1750 1333 1903 1386 Latina

333 1395 486 1445 frustra
513 1417 526 1456 3
597 1399 765 1456 Graeco,
788 1417 878 1447 non
907 1402 1088 1456 Latino,
1122 1419 1213 1459 ore
1240 1401 1361 1467 loqui
1402 1405 1684 1465 interpretem
1719 1401 1898 1462 jubent,

334 1468 410 1531 qui
449 1463 629 1512 eandem
670 1469 726 1514 in>
757 1468 958 1514 omnibus
1002 1466 1213 1515 sermonis
1250 1467 1446 1515 indolem
1469 1503 1483 1522 ‚
1527 1466 1706 1514 eandem
1744 1462 1901 1514 servari

337 1530 665 1597 compositionis
708 1536 921 1582 rationem
945 1570 960 1590 ,
998 1534 1235 1600 postulant,
1338 1534 1546 1582 Similiter
1590 1538 1763 1581 veniam
1801 1532 1904 1581 faci·

337 1600 379 1646 le
410 1598 607 1647 dederim
646 1603 898 1665 interpreti,
943 1620 1038 1667 quae
1079 1602 1305 1650 exulabant
1331 1605 1378 1648 in
1411 1606 1578 1649 Autore
1617 1604 1800 1655 Graeco,
1826 1617 1902 1646 vo-

335 1665 451 1714 culas
471 1703 486 1723 ,
523 1670 627 1733 quin
666 1671 713 1715 &
753 1665 960 1716 dic'iiones
1001 1673 1187 1735 integras
1209 1705 1223 1724 ‚
1268 1672 1405 1724 menti
1432 1670 1662 1734 Scriptoris
1696 1666 1805 1714 nihil
1835 1665 1906 1713 ad·

336 1731 490 1790 versas,
514 1733 684 1800 pondus
715 1747 861 1783 tamen
890 1740 938 1785 ὅ(
971 1734 1220 1785 suavitatem
1252 1731 1406 1784 Latino
1437 1734 1630 1784 sermoni
1663 1731 1904 1790 afferentes,

338 1801 537 1849 dieiionis
558 1801 678 1850 causa
700 1807 745 1849 in
779 1807 1182 1869 interpretationem
1204 1803 1421 1855 inferenti.
1493 1805 1600 1869 Qae
1632 1820 1904 1866 praemonen-

338 1867 394 1916 da
417 1871 490 1916 hic
512 1886 561 1917 ea
578 1867 632 1917 de
652 1868 771 1917 causa
791 1869 1008 1927 duximus,
1021 1889 1075 1919 ne
1089 1908 1104 1927 ,
1127 1871 1158 1919 fi
1176 1875 1270 1938 quis
1292 1870 1408 1919 forte
1445 1867 1653 1918 recelliss'e
1686 1868 1905 1918 interdum

342 1955 366 1984 P
388 1955 415 1985 o
436 1955 459 1985 t„
481 1955 496 1984 1
518 1956 549 1986 ‘r
566 1955 582 1985 1
600 1956 633 1986 A
650 1956 681 1985 N
699 1956 777 1987 υΜ
804 1975 819 1994 ,
842 1942 888 1986 in
925 1956 957 1986 H
979 1957 1004 1987 E
1025 1957 1055 1987 R
1074 1957 1104 1988 o
1122 1956 1150 1988 n
1169 1959 1186 1987 1
1204 1958 1238 1989 A
1254 1958 1287 1987 N
1305 1959 1322 1987 1
1361 1941 1561 2004 inprimis
1590 1940 1904 2003 interpretatio-

336 2022 421 2063 ne,
453 2023 477 2052 a
514 2005 654 2052 verbis
687 2008 917 2071 Scriptoris
955 2009 1124 2062 Graeci,
1164 2025 1245 2054 nec
1275 2006 1463 2055 eundem
1502 2004 1670 2052 dicendi
1702 2004 1905 2053 ordinem

335 2070 529 2123 secutum
543 2108 558 2128 ,
588 2072 962 2131 animadverterit,
982 2087 1206 2123 remotum
1222 2074 1365 2122 statim
1386 2073 1436 2120 ab
1456 2075 1639 2120 accurati
1661 2076 1905 2138 interpretis

333 2141 477 2207 gloria
497 2140 740 2198 contendat,
762 2145 944 2208 artisque
967 2145 1091 2206 hujus
1115 2145 1368 2208 imperitum
1388 2140 1610 2189 existimet.
1649 2141 1757 2188 Non
1786 2143 1904 2189 enim

340 2221 509 2273 poterat
535 2209 657 2255 aliter
677 2212 817 2257 homo
838 2213 1038 2266 Latinus,
1066 2214 1161 2266 cui,
1184 2208 1386 2278 quicquid
1411 2212 1561 2258 Latine
1590 2206 1806 2265 scriberet,
1825 2226 1906 2276 pu-

339 2293 406 2328 re,
430 2274 556 2330 caste,
570 2280 616 2324 δί
636 2275 874 2341 eleganter,
894 2275 1164 2326 scribendum
1186 2291 1289 2329 erat.

226 2359 313 2421 (e)
348 2351 609 2402 Nitidiffima
639 2360 856 2411 omnium,
877 2373 971 2422 quae
1002 2377 1026 2407 ι’
1045 2377 1074 2407 o
1095 2377 1121 2407 L
1141 2377 1157 2407 1
1176 2376 1207 2407 ‘r
1227 2379 1243 2409 1
1263 2377 1298 2410 A
1315 2379 1348 2408 N
1370 2380 1386 2408 1
1428 2357 1638 2409 debentur
1666 2358 1906 2416 industriae,

341 2425 763 2488 interpretationum,
787 2423 1010 2474 fatentibus
1043 2431 1190 2493 peritis
1210 2428 1514 2486 omnibus,illa
1557 2446 1590 2478 a
1605 2447 1630 2479 E
1648 2447 1677 2477 R
1700 2447 1729 2476 o
1750 2446 1778 2477 n
1797 2447 1812 2475 1
1836 2448 1868 2476 A
1887 2458 1905 2469 -

345 2509 379 2538 N
398 2509 414 2536 1
457 2489 534 2546 est,
559 2493 789 2558 Scriptoris
813 2493 1062 2560 gravissimi‚
1083 2501 1200 2559 cujus
1232 2498 1319 2546 οέῖο
1335 2533 1349 2553 ,
1379 2514 1487 2563 quos
1513 2498 1566 2545 de
1596 2498 1792 2558 Hzstoria
1821 2500 1905 2544 Ro·

341 2576 475 2606 mana
508 2555 682 2625 scripsit,
705 2561 839 2627 vulgo
866 2562 992 2611 Libri
1015 2564 1189 2616 exstant.
1257 2563 1402 2613 Discas
1423 2583 1475 2612 ex
1495 2566 1573 2612 hae
1594 2564 1903 2621 artificem,&‚

343 2624 446 2692 quid
472 2625 605 2674 valeat
627 2630 713 2676 hoc
736 2627 975 2694 scriptionis
999 2649 1158 2697 genere
1191 2653 1215 2682 ι»
1232 2652 1259 2682 o
1276 2652 1300 2682 L
1319 2652 1334 2680 1
1355 2653 1385 2682 ‘r
1404 2651 1420 2680 1
1439 2649 1470 2679 A
1488 2650 1520 2680 N
1539 2651 1554 2677 1
1590 2635 1830 2698 ingenium,
1843 2635 1907 2679 51¹·

344 2692 520 2759 telligas.
543 2695 689 2745 Defixi
710 2696 850 2744 statim
870 2701 914 2744 in
938 2698 1151 2753 illa‚fimul
1169 2720 1217 2749 ac
1237 2699 1627 2767 prodiit21talorum
1650 2701 1766 2748 oculi
1788 2701 1909 2747 stete-

347 2776 425 2818 re,
447 2776 643 2838 tantaque
654 2783 761 2836 ‘eam
781 2764 1067 2819 admiratione
1090 2781 1709 2837 exceperepomnes,ut,quanto
1733 2771 1910 2835 quisque

1705 2837 1907 2903 eloquen-
