2064 3115
241 163 332 196 200
733 159 1159 202 HISTORIA
1231 162 1445 204 VITAE

367 287 581 341 Senecam,
592 289 690 349 quis
710 299 794 331 non
815 285 962 339 malit,
963 283 1011 347 fi:
1035 284 1109 346 effi
1118 286 1306 346 similem
1327 285 1792 350 ilt'is,quemadmodzmz
1808 289 1936 348 filius

356 355 519 414 ſsmilis
544 352 597 411 est
620 357 754 415 patri
763 386 776 404 ‚
783 370 920 417 quam
932 355 995 410 ste
1019 353 1267 414 effestmilis
1300 355 1365 398 M.
1395 353 1530 400 Tullio
1545 391 1559 416 ‚
1582 359 1936 419 quemadmodum

359 423 493 483 stmia
506 420 667 478 similis
698 419 751 479 est
775 421 941 467 homini
958 426 982 469 ,P
1017 421 1113 467 Nos
1150 417 1363 467 abundare
1397 438 1423 468 c
1441 439 1469 468 0
1487 438 1518 466 R
1537 424 1568 469 τ
1583 438 1608 468 E
1626 439 1644 469 s
1663 440 1678 467 1
1694 440 1721 466 u
1739 443 1779 476 M
1813 423 1938 471 facile

371 490 563 553 patimur
585 483 704 535 sensu
724 483 818 542 suo,
845 486 1073 536 certiffime
1100 485 1345 553 persuasum
1366 489 1487 535 nobis
1509 489 1725 543 habentes,
1756 507 1778 537 Ρ
1797 508 1826 539 0
1846 509 1870 537 ι.
1891 511 1907 539 1
1921 521 1938 532 .

380 573 413 603 ‘r
426 570 442 600 1
459 571 490 602 Λ
509 571 542 600 N
562 570 590 600 U
608 572 663 608 M,
675 552 966 603 feliciffimum
989 559 1258 604 imitatorem
1291 574 1317 604 c
1339 575 1354 602 1
1374 573 1398 603 c
1414 575 1438 604 E
1455 575 1483 603 R
1504 575 1531 604 o
1548 576 1579 604 N
1596 577 1610 604 1
1622 542 1761 605 sfion
1782 561 1940 614 minus,

377 639 510 688 quam
532 625 805 687 optimorum
838 641 1112 689 quorumque
1141 628 1439 689 Scriptorum,
1474 643 1520 672 re
1550 622 1636 690 ipsa
1659 621 1806 672 fecisse
1823 625 1942 672 testa-

379 704 500 744 tum,
546 707 676 754 quam
700 689 749 736 fit
781 691 987 755 pulchra,
1021 709 1149 758 quam
1182 709 1237 739 ue
1267 689 1502 747 concinna,
1537 691 1696 749 dicho,
1738 696 1806 739 cui
1852 690 1943 740 non

377 774 488 805 unus
519 761 702 823 gratiam
742 757 952 825 decusque
991 777 1124 807 omne
1153 710 1483 825 Puppeditaverit
1517 778 1541 808 c
1560 780 1574 807 1
1593 779 1662 808 GE
1681 780 1709 809 R
1727 780 1780 811 o.
1849 762 1943 807 Ne-

377 821 462 891 que
502 837 648 872 tamen
694 825 773 891 ipsi
830 844 857 874 c
877 845 905 874 o
925 845 953 875 R
975 844 1006 873 'r
1029 845 1054 875 Ε
1076 845 1094 874 s
1115 828 1179 875 10n
1234 825 1353 874 suam
1403 827 1685 892 perelegantis
1733 827 1945 877 sermonis

375 892 548 940 laudem
587 897 836 958 negaverim
858 916 873 952 5
919 912 921 915 ’
953 893 1025 941 etfi
1071 913 1095 942 E
1112 912 1142 941 R
1157 911 1187 944 A
1207 912 1226 941 s
1246 913 1283 941 M
1302 912 1330 943 o
1381 898 1409 944 l.
1435 914 1469 944 c.
1509 896 1722 943 videatur?
1750 913 1774 943 Ρ
1795 914 1823 943 o
1845 914 1869 942 L
1891 916 1905 943 1
1927 923 1943 934 ·

377 977 411 1007 Τ
431 977 445 1005 1
463 978 496 1008 A
516 978 551 1007 N
569 978 598 1006 u
619 977 638 1007 s
665 996 680 1015 ‚
740 968 819 1028 qui
865 963 1014 1013 audiit
1057 981 1141 1010 non
1184 967 1489 1017 Ciceronianus
1509 999 1526 1017 ,
1573 964 1704 1029 longe
1755 966 1911 1012 melius
1929 1003 1945 1028 ‚

375 1030 527 1092 quam'
563 1046 588 1076 c
603 1047 630 1075 ο
647 1047 677 1075 R
698 1046 730 1076 Τ
750 1048 774 1077 13
796 1049 814 1077 s
836 1048 851 1077 1
867 1047 897 1076 υ
923 1048 942 1076 s
965 1065 980 1084 ‚
1036 1034 1371 1090 Ciceronianus,
1414 1036 1653 1079 Ciceronem
1693 1032 1943 1098 exprefftsse,

376 1092 573 1143 breviore
593 1101 693 1149 lieet
716 1098 919 1163 Epistola,
953 1117 1037 1147 non
1074 1112 1250 1147 tantum
1267 1100 1597 1162 sententiarum
1631 1109 1840 1164 argutia,
1875 1119 1943 1147 ve-

374 1181 476 1211 runz
501 1171 634 1213 etiam
666 1164 812 1213 verbis
839 1173 972 1232 aptis,
1005 1166 1300 1231 elegantibus,
1336 1186 1386 1215 ac
1405 1168 1764 1232 fignificantibus.
1833 1169 1946 1215 Puto

376 1242 550 1286 tamen,
586 1243 756 1279 tantum
790 1236 938 1298 gratiae
971 1233 1218 1282 habituram
1262 1250 1353 1281 non
1386 1231 1510 1281 fuisse
1552 1240 1639 1297 ejus
1672 1235 1942 1300 Epistolam,

375 1297 454 1345 nifi
473 1296 600 1346 suum
634 1303 765 1346 etiam
796 1298 961 1348 secutus
981 1304 1233 1367 ingenium,
1255 1305 1302 1350 δί
1324 1302 1376 1349 ab
1398 1302 1487 1348 aliis
1507 1301 1725 1350 interdum
1749 1306 1942 1368 Scripto-

374 1366 616 1421 ribus,utut
633 1369 724 1416 hoc
745 1365 1000 1424 diffimulet,
1036 1381 1254 1416 mutuatus
1295 1369 1549 1434 elegantiam
1577 1369 1730 1417 fuiffet.
1811 1374 1941 1430 Quic-

374 1433 479 1500 quid
506 1448 651 1482 autem
675 1438 800 1496 hujus
822 1440 886 1483 rei
906 1436 970 1494 fit,
996 1435 1194 1495 dolemus
1221 1439 1380 1483 merito
1403 1434 1565 1483 sortem
1596 1454 1822 1491 ANGELI,
1860 1441 1934 1502 qui

373 1519 428 1548 ex
456 1505 593 1549 amica
621 1505 702 1550 hac
737 1507 782 1551 ὅ(
814 1502 1045 1568 prudenter
1076 1501 1297 1569 disceptata
1328 1503 1615 1550 controverfia
1648 1503 1692 1550 id
1723 1508 1851 1551 traxit
1872 1509 1935 1551 in-

372 1568 635 1624 commodi,
668 1583 715 1617 ut
763 1588 786 1616 a
818 1571 962 1617 multis
1008 1572 1189 1635 posterae
1223 1575 1352 1618 aetatis
1387 1569 1588 1623 eruditis,
1623 1574 1674 1616 iis
1712 1574 1937 1634 inprimis,

372 1638 523 1701 quibus
552 1634 866 1684 sacrosand'mm
898 1638 1131 1684 habebatur
1170 1654 1196 1684 c
1213 1656 1227 1684 1
1247 1656 1271 1687 c
1292 1657 1317 1685 E
1337 1656 1366 1683 R
1387 1655 1415 1684 ο
1436 1656 1467 1684 N
1481 1655 1497 1683 1
1519 1655 1538 1683 s
1586 1654 1777 1691 nomen,
1813 1640 1858 1683 in
1889 1638 1938 1683 11-

371 1703 522 1752 lorum
554 1704 1079 1789 referrettfflnumerum,
1114 1708 1205 1770 qui,
1234 1709 1522 1752 imitationem
1554 1703 1743 1752 detestati
1765 1703 1938 1770 prorsus

372 1789 570 1829 omnem,
597 1792 619 1819 a
656 1792 681 1821 c
701 1794 714 1821 1
732 1791 757 1821 c
779 1792 804 1821 Ε
822 1792 850 1821 R
869 1793 897 1821 o
918 1793 950 1821 N
972 1794 986 1820 1
1007 1791 1027 1821 s
1066 1773 1279 1835 majestate
1309 1786 1474 1819 tantum
1511 1771 1552 1819 se
1589 1771 1701 1837 ipsos
1740 1790 1939 1821 remove-

370 1851 537 1895 runt,ut
558 1857 726 1887 novum
747 1841 981 1905 plane,n0n
1003 1840 1080 1888 nifi
1099 1839 1176 1887 suo
1209 1840 1447 1888 confidtum
1473 1843 1667 1905 ingenio,
1683 1840 1939 1906 eloquentia:

369 1924 505 1972 genus
528 1908 652 1955 nobis
673 1908 991 1956 venditaverint.
1013 1907 1189 1956 Fallitur
1210 1924 1262 1955 ex
1282 1921 1418 1974 parte,
1431 1912 1494 1964 ἀ,
1515 1927 1608 1973 quae
1643 1907 1938 1975 distinguenda

370 1987 508 2028 erant,
530 1979 673 2030 minus
696 1988 891 2024 accurate
912 1979 1133 2041 conjungit
1166 1992 1319 2023 PAUL.
1351 1994 1501 2042 Jovm
1517 1994 1536 2024 s
1562 1980 1608 2023 in
1631 1979 1772 2040 Elegio
1796 1980 1939 2028 Andr.

368 2042 724 2109 Naugeriz'‚quod
744 2044 803 2092 est
825 2047 870 2090 in
881 2046 1080 2110 Elogmir.
1094 2044 1201 2092 doc‘i.
1208 2058 1349 2109 p.145,
1360 2044 1446 2098 ubi,
1450 2044 1671 2110 propofin'e
1679 2043 1934 2110 sthi,inquit=,

367 2115 614 2159 Ciceronem
636 2112 698 2159 ad
714 2113 1002 2170 imitandum,
1038 2129 1164 2179 quem
1183 2114 1429 2159 politianus
1452 2114 1504 2163 ὅ
1529 2116 1786 2160 Hermolaus
1803 2117 1935 2178 fasti·

367 2181 472 2240 diffi:
495 2180 779 2236 videbantur,
813 2195 956 2246 utpote
990 2186 1069 2248 qui
1092 2187 1232 2229 omnis
1258 2181 1524 2227 eruditionis
1546 2182 1796 2229 exundante
1816 2189 1936 2248 copia

366 2248 592 2308 σήβνιιέῖἱ,
616 2249 797 2314 aliquid
827 2256 877 2295 in
896 2251 997 2308 stilo
1027 2255 1278 2315 preprium,
1300 2250 1416 2314 quod
1432 2251 1699 2314 peculiarem
1731 2268 1784 2297 ex
1814 2264 1934 2297 certa

364 2328 472 2362 nota
496 2321 653 2362 mentis
675 2317 852 2382 effigiem
882 2318 1083 2380 referret,
1119 2334 1174 2363 ex
1198 2331 1366 2365 natura
1375 2324 1505 2382 genio
1526 2317 1743 2379 effinxzffl,
1754 2316 1936 2366 nobilius

355 2389 583 2449 putarint,
602 2402 735 2450 quam
748 2385 912 2447 servili
933 2391 1184 2433 imitatione
1207 2399 1337 2432 enata
1359 2385 1423 2433 ad
1439 2403 1596 2434 novam
1608 2388 1790 2450 frugem
1813 2392 1933 2450 inge-

365 2457 448 2499 nia
481 2452 710 2513 distorstffe.
780 2454 887 2499 Non
917 2470 1055 2500 unum
1084 2451 1289 2519 idemque
1319 2453 1379 2499 est
1403 2453 1619 2517 profesto,
1641 2451 1826 2501 fastidire
1853 2472 1929 2501 cx·

356 2533 393 2566 'c
409 2536 433 2566 Ε
452 2536 479 2566 R
498 2537 526 2565 o
546 2538 578 2566 N
594 2538 618 2567 E
638 2539 674 2567 M
696 2555 710 2574 ,
746 2524 792 2567 &
818 2523 1051 2570 imitationi
1075 2519 1216 2568 servili
1240 2521 1407 2570 collum
1430 2539 1520 2569 non
1554 2520 1930 2570 submittere.Hoe

358 2585 598 2650 prudentiae
635 2586 754 2635 duxit
791 2607 813 2635 P
832 2607 859 2635 o
881 2608 904 2636 L
931 2608 944 2635 1
967 2609 998 2639 T
1018 2609 1031 2636 1
1054 2609 1085 2637 A
1102 2608 1134 2636 N
1155 2607 1182 2635 υ
1202 2609 1222 2638 s
1248 2628 1261 2648 ‚
1298 2588 1403 2636 illud
1442 2588 1582 2636 stolidi
1601 2625 1616 2644 ,
1652 2607 1700 2635 ac
1720 2588 1773 2636 de
1795 2589 1926 2637 literis

358 2653 669 2717 perverfiffime
695 2654 928 2718 judicantis.
998 2659 1179 2706 Coecam
1218 2676 1242 2707 c
1262 2676 1276 2705 ι
1295 2676 1320 2706 c
1339 2677 1364 2706 E
1390 2676 1418 2706 R
1436 2674 1464 2704 o
1485 2676 1516 2704 N
1535 2676 1551 2705 1
1568 2673 1588 2702 s
1634 2659 1924 2706 imitationem

358 2722 650 2787 reprehendit,>
676 2741 765 2774 non
790 2723 946 2792 ipsum,
957 2744 1088 2793 quem
1115 2729 1355 2782 imitamur,
1396 2741 1422 2774 c
1434 2740 1450 2772 1
1465 2743 1490 2774 c
1507 2743 1531 2776 ε
1551 2741 1581 2773 R
1597 2742 1624 2775 o
1643 2744 1676 2773 N
1694 2743 1718 2774 E
1736 2745 1774 2777 M
1793 2763 1804 2774 .
1842 2726 1921 2773 Le-

1819 2806 1919 2861 gat,
