2064 3115
775 185 1081 228 HISTORIA
1112 185 1282 229 vxTAE

339 329 479 359 mone
501 310 797 376 compofitum
815 307 914 366 effe,
928 311 1037 374 quid
1061 315 1227 358 mirum
1250 314 1290 357 ei
1310 309 1394 358 effe
1414 325 1610 375 poterat,
1629 333 1724 362 non
1745 331 1866 380 repe·

339 384 417 428 riri
439 379 555 426 illud
575 383 624 424 in
655 376 811 424 libello
836 382 1084 425 carminum
1127 396 1233 426 por,
1247 395 1463 434 1⁶1’1AN1,
1522 398 1626 428 cum
1645 400 1701 429 ne
1724 385 1865 430 ullum

341 448 527 511 quidem
544 444 702 490 Italico
722 443 926 492 sermone
945 444 1154 510 scriptum
1173 447 1239 493 ibi
1256 451 1470 511 reperias,
1491 448 1563 494 etsi
1590 450 1746 496 horum
1768 451 1873 514 plu-

339 518 452 560 rima
475 510 702 575 scripserit,
722 529 817 574 quae
838 527 916 559 aut
935 512 1161 575 figillatim
1183 513 1380 578 impressa
1394 553 1408 571 ,
1430 529 1507 560 aut
1525 520 1573 562 in
1594 515 1865 564 bibliotheca

342 578 556 626 Ghifiana
576 578 737 625 aliisve
752 579 886 625 obvia
908 579 1036 633 sunt5
1070 597 1157 644 qua
1176 581 1231 628 de
1249 598 1294 627 re
1315 582 1431 628 infra
1450 585 1660 629 dicemus.
1734 600 1865 637 Jovm

339 660 494 692 autem
511 645 700 710 aliisque
721 646 853 693 bonis
873 647 1156 712 scriptoribus
1190 664 1268 693 cur
1296 648 1402 696 fides
1429 652 1632 713 neganda
1654 651 1703 697 fit
1731 655 1785 697 iis
1816 653 1865 696 in

337 713 485 768 rebus,
502 713 580 759 ubi
608 712 727 759 nihil
750 731 853 760 cum
872 719 1066 779 partium
1084 715 1245 770 studio,
1263 715 1335 763 sed
1357 717 1612 781 {impliciter
1629 735 1721 764 rem
1741 734 1866 764 enar-

337 795 456 837 tant,
472 797 575 827 cum
594 780 686 845 ipse
705 784 929 828 rationem
947 783 1141 829 attulerit
1161 782 1359 839 nullam,
1404 799 1487 831 nec
1507 802 1592 849 ego
1614 788 1867 846 conjectura

340 845 559 911 affequor.
624 849 808 910 Singula
828 866 956 904 vero,
985 866 1084 914 quae
1103 850 1162 896 ad
1181 854 1350 905 vitam,
1389 850 1481 897 fata
1494 884 1508 906 ‚
1549 856 1595 899 &
1615 854 1865 899 doctrinam

340 931 367 962 Ρ
380 933 407 960 o
421 931 447 960 L
462 931 476 960 1
489 930 583 960 ΠΛ
596 932 657 960 Νι
693 919 947 978 pertinent,
978 933 1030 962 ex
1053 916 1184 980 ipfius
1203 916 1375 980 scriptis
1393 919 1566 965 haurire
1586 918 1730 972 velle,
1762 934 1867 965 meo

340 983 526 1045 quidem
544 983 714 1042 judicio
734 981 867 1028 valde
885 982 1105 1029 absonum
1128 983 1188 1028 est
1205 987 1251 1031 &
1271 985 1533 1040 ridiculum,
1553 1001 1657 1031 cum
1673 985 1865 1049 plurima

336 1046 512 1112 gesserit
528 1049 756 1113 praeclare,
775 1049 1080 1114 scripseritque
1101 1050 1286 1105 erudite,
1306 1067 1496 1115 quorum
1517 1051 1765 1099 meminisse
1794 1065 1873 1098 aut

338 1115 509 1172 noluit,
527 1130 608 1161 aut
623 1132 739 1163 certe
759 1134 856 1161 non
874 1117 1205 1180 potuit‚oblata
1226 1121 1612 1165 commemorandi
1635 1120 1869 1166 occafione

337 1182 516 1247 prorsus
540 1184 677 1230 nulla.
751 1189 820 1230 De
843 1187 914 1230 his
930 1186 1046 1232 adeo
1076 1184 1273 1249 amplior
1288 1189 1452 1231 notitia
1481 1187 1672 1250 petenda
1709 1187 1769 1234 est
1814 1202 1867 1233 ex

338 1250 444 1303 illis,
469 1256 546 1312 qui
571 1249 664 1296 fata
685 1267 915 1295 Ροιιτιᾼ
932 1269 984 1297 ns
1017 1253 1199 1297 strictim
1229 1255 1478 1299 enarranda
1504 1254 1582 1299 fibi
1611 1253 1869 1308 sumserunt,

338 1332 422 1362 nec
444 1316 605 1362 infimae
629 1316 730 1363 sunt
749 1319 799 1364 in
820 1316 1095 1364 literatorum
1126 1318 1371 1381 Republica
1411 1323 1680 1367 autoritatiff⁶
1773 1324 1896 1378 Nes

337 1399 428 1448 que
453 1397 605 1430 tamen
624 1386 697 1430 his
718 1383 820 1430 solis
844 1385 1036 1431 infistere
1051 1387 1126 1432 hic
1148 1390 1376 1447 cogimur3
1418 1385 1493 1433 sed
1514 1391 1705 1433 maxime
1726 1406 1774 1434 ea
1801 1404 1871 1434 res

338 1450 627 1496 confirmatur
644 1450 791 1497 verbis
808 1466 883 1501 Jo.
901 1468 1022 1497 Prcr
1047 1467 1468 1498 munuum-Aur
1499 1457 1543 1498 in
1564 1453 1684 1519 ξυξβ.
1712 1453 1772 1498 ad
1789 1455 1869 1498 Po-

334 1517 402 1564 Ιίτ.
425 1535 561 1580 quam
580 1517 685 1564 vide
704 1520 822 1562 inter
839 1521 931 1578 ejus
942 1522 1047 1584 Epp.
1066 1518 1170 1564 edit.
1184 1519 1334 1564 Cenar.
1346 1531 1397 1582 p.
1413 1536 1474 1580 79,
1492 1518 1569 1564 ubi
1600 1521 1693 1566 haec
1719 1519 1868 1582 legas:

335 1586 552 1634 Praeterea
581 1583 816 1649 Epist-'fetum
833 1596 953 1629 tuum
970 1608 989 1616 -
1010 1608 1034 1616 -
1050 1609 1069 1617 -
1090 1589 1192 1630 item
1214 1601 1302 1648 qua
1322 1585 1377 1631 dc
1386 1585 1566 1645 Juliano
1585 1583 1867 1648 Mediceser·

334 1667 456 1698 mone
461 1655 623 1716 patrio,
641 1644 702 1694 Εἴ
717 1666 970 1715 quaecunquc
989 1651 1072 1696 alia
1092 1652 1220 1696 latino
1225 1647 1425 1713 sermone
1439 1647 1706 1716 compofhisti,
1725 1651 1784 1698 ad
1801 1667 1870 1697 me

335 1714 450 1782 miffa
468 1723 632 1764 onmino
646 1717 790 1763 velim.
857 1721 970 1777 Qis
991 1735 1086 1764 non
1105 1718 1251 1772 videt,
1291 1721 1481 1766 indicari
1514 1722 1582 1766 his
1605 1719 1750 1766 verbis
1773 1734 1866 1764 car·

335 1802 442 1832 men
465 1785 598 1839 illud,
614 1786 669 1831 de
690 1801 787 1847 quo
804 1787 1017 1832 haetenus
1035 1785 1180 1832 sermo
1199 1784 1313 1832 fuit?
1364 1787 1496 1833 Malo
1519 1791 1641 1834 enim
1661 1788 1754 1833 haec
1770 1802 1867 1833 ver·

335 1852 393 1899 ba
418 1857 480 1898 ita
499 1856 802 1915 interpretari,
819 1867 867 1898 ut
883 1852 1092 1917 scriptum
1112 1856 1188 1900 hic
1206 1854 1511 1916 intelligatur,
1530 1854 1633 1899 aliis
1652 1858 1742 1915 jam
1773 1869 1864 1899 me-

333 1934 559 1967 moratum
581 1918 881 1982 scriptoribus,
903 1937 1039 1984 quam
1059 1921 1205 1966 aliena
1226 1925 1391 1983 quaevis
1422 1925 1468 1968 &
1489 1938 1680 1984 quorum
1700 1920 1867 1966 nullibi

334 1986 450 2035 faeta
474 1987 534 2033 est
550 1991 740 2042 mentio,
759 2001 921 2033 temere
941 1988 1263 2034 hariolari.8ed
1287 1989 1396 2051 quid
1412 2004 1525 2052 opus
1547 1988 1605 2034 est
1626 1989 1704 2034 his
1718 1989 1867 2032 omni-

332 2055 443 2104 bus?
475 2070 578 2098 cum
599 2052 915 2099 evidentiffime
934 2070 1082 2116 patere
1102 2052 1233 2117 poffit
1250 2059 1410 2100 veritas
1445 2071 1498 2099 ex
1526 2054 1619 2117 ipsa
1653 2055 1866 2098 carminis

331 2121 701 2186 pervestigatione
715 2153 729 2175 ‚
750 2137 849 2185 quae
869 2124 1010 2166 cuivis
1030 2122 1266 2184 diligenter
1290 2124 1535 2184 inquirenti
1558 2117 1758 2167 concessa
1789 2118 1863 2165 est.

332 2190 459 2234 Vidit
481 2192 601 2233 enim
626 2187 779 2234 lucem
792 2191 953 2252 pariter
974 2206 1027 2233 ac
1046 2187 1205 2252 scripta
1240 2206 1267 2233 ι»
1287 2207 1321 2234 o
1340 2205 1367 2235 r.
1389 2207 1402 2234 ι
1425 2205 1454 2234 τ
1476 2206 1487 2234 ι
1508 2205 1534 2234 Δ
1556 2205 1590 2234 n
1614 2204 1627 2234 r
1654 2188 1862 2251 plurima,

332 2259 540 2319 quamvis
561 2254 782 2315 ligillatim
802 2255 1021 2301 excusum.
1112 2255 1313 2301 'situlum
1346 2260 1396 2301 in
1425 2256 1559 2301 rubro
1588 2257 1708 2301 hunc
1725 2255 1859 2317 gerit:

331 2325 386 2369 A.
407 2323 612 2367 Pontiano
621 2322 778 2367 Stanzc
786 2336 872 2386 per
889 2322 931 2366 la
950 2320 1113 2386 giostra
1131 2321 1183 2367 di
1200 2324 1392 2369 Giulz‘ano
1422 2323 1479 2369 de
1497 2321 1677 2368 Medici.
1715 2324 1859 2368 Vener.

329 2404 450 2451 1544.
471 2395 514 2436 8.
579 2391 719 2449 Cujus
763 2393 827 2434 rei
873 2392 1086 2435 notitiam
1135 2390 1278 2436 habeo
1332 2407 1383 2436 ex
1425 2389 1575 2438 Indice
1592 2386 1858 2437 Bibliotheca

328 2472 530 2503 FRANC.
561 2471 881 2504 astruamur
918 2458 970 2502 T.
989 2458 1049 2502 II.
1065 2471 1109 2521 p.
1131 2462 1287 2512 228‚&
1308 2459 1492 2505 aliunde
1513 2472 1710 2522 quoque.
1750 2457 1857 2500 Coe·

329 2541 430 2576 cum
451 2527 588 2586 igitur
610 2523 691 2571 esse
713 2539 906 2588 oportet,
924 2528 999 2586 qui
1024 2540 1200 2569 carmen
1223 2526 1392 2572 dudum
1415 2532 1463 2572 in
1494 2527 1648 2587 vulgus
1682 2525 1853 2571 editum

330 2594 376 2638 &
396 2595 602 2639 omnium
623 2591 877 2658 conspectui
899 2590 1143 2657 expolitum
1161 2608 1294 2658 neget
1313 2611 1338 2641 a
1379 2608 1618 2642 murriano
1650 2605 1854 2656 unquam

1743 2653 1856 2707 fuis·
