2064 3115
427 215 680 254 ANGELI
731 213 1118 253 AMBRoGnu
1158 207 1518 252 PoLxTIANi.
1704 214 1801 274 105

237 332 344 394 Hist.
376 337 482 379 crit.
518 334 570 380 de
589 335 630 379 la
657 338 762 398 Rep.
784 333 857 378 dc,—
889 333 959 378 let.
988 308 1038 379 T.
1066 336 1146 379 m.
1169 347 1214 398 p.
1239 346 1331 387 250,
1351 336 1397 379 ὃς
1420 348 1585 379 mm.
1616 349 1786 380 MENA-

167 459 170 462 ‚
236 417 334 448 oio
355 403 426 447 Lc.
451 406 551 465 qui,
574 416 622 446 ut
640 401 858 464 probaret,
889 401 1142 445 Sacerdotio
1172 399 1374 446 functum
1402 415 1788 455 POL1T1ANuM‚

154 1358 173 1379 Χ

234 485 496 530 argumento
520 468 616 514 usus
639 467 716 512 tali
741 467 822 524 est,
848 482 940 529 quo
964 470 1185 512 Canonici
1207 471 1354 532 potius
1382 466 1560 532 probari
1594 467 1787 530 dignitas

234 536 434 591 debebat.
486 533 818 596 Cognoscendae
841 537 961 579 enim
984 551 1219 581 munerum
1243 536 1423 582 istorum
1444 534 1678 583 diversitati
1701 535 1788 581 suf-

234 603 362 650 ficere
384 601 455 648 vel
475 603 520 647 id
544 618 680 646 unum
694 601 851 664 potest,
875 602 997 666 quod
1017 603 1072 648 ad
1095 601 1211 648 illud
1224 606 1465 658 Laurentii,
1486 603 1543 650 ad
1567 605 1656 650 hoc
1677 618 1783 648 vero

233 673 344 716 Petri
367 672 546 715 demum
569 668 784 714 beneficio
798 673 998 732 pervenit
1008 669 1181 715 Noster.
1194 669 1408 725 Alterum,
1421 670 1576 733 paullo
1588 670 1683 734 post
1696 669 1781 717 effi‘

232 741 361 790 ciam,
373 748 422 780 ut
442 751 651 800 appareat
673 735 962 789 manifestius,
974 735 1163 781 alterum
1177 736 1339 791 exilio,
1350 738 1403 782 de
1419 754 1510 799 quo
1524 738 1660 783 modo
1674 738 1781 793 dixi,

228 818 463 849 rounam
483 807 807 867 Epigrammate
819 803 995 849 abunde
1018 802 1201 848 constat.
1225 806 1307 848 Pro
1320 804 1577 849 Sacerdotio
1598 819 1782 867 accepto

225 874 385 931 gratias
399 874 446 916 in
466 870 547 917 illo
563 875 654 933 agit
666 874 920 917 Laurentio.
956 870 1085 917 Unde
1106 886 1201 915 non
1220 883 1417 916 accurate
1431 869 1531 915 satis
1554 886 1783 916 Mossssnius

226 937 253 982 l.
284 955 320 986 c.
346 941 506 1003 p.‚30‘7:
559 941 751 984 Lam-ent
781 938 833 984 de
863 936 1048 984 Medicis
1075 940 1245 983 attiroit
1273 948 1364 982 tous
1398 938 1456 982 les
1475 936 1645 1003 grands
1674 938 1783 984 hom-

223 1020 309 1049 mes·
327 1006 380 1051 de
393 1001 472 1067 an
491 1017 596 1052 tems
617 1004 643 1052 ἃ
667 1008 874 1054 Florence.
943 1007 985 1051 Il
985 1022 1024 1067 y
1044 1016 1193 1050 arreta
1213 1008 1330 1070 Ange
1350 1004 1528 1051 Pblitien
1541 1042 1554 1061 ,
1576 1009 1651 1069 qui
1683 1010 1784 1051 etoic

223 1070 321 1134 deja
354 1070 508 1118 Prbtre
528 1077 613 1121 &c.
690 1077 802 1132 Qiis
824 1089 919 1118 non
948 1074 1039 1118 haec
1060 1075 1121 1117 ita
1144 1072 1390 1134 intelligat,
1421 1088 1472 1117 ac
1501 1072 1531 1118 si
1562 1075 1654 1132 jam
1675 1086 1779 1120 ante

222 1141 450 1185 Laurentii
480 1154 680 1204 tempora
712 1140 841 1186 sacris
880 1139 1069 1186 ecclefiae
1091 1143 1292 1185 initiatus
1326 1138 1461 1185 fuerit
1480 1144 1779 1186 munimus!

221 1210 330 1265 Qae
350 1207 379 1252 fi
403 1224 447 1253 re
468 1223 566 1253 vera
587 1207 697 1254 sedit
716 1207 917 1271 scriptori
937 1206 1351 1264 sententia‚vereor,
1374 1223 1429 1252 ne
1446 1224 1539 1253 rem
1549 1207 1779 1271 perhibere

219 1275 422 1319 videatur
437 1275 682 1320 admodum
699 1275 951 1322 ridiculam.
964 1273 1099 1321 Conf.
1113 1290 1279 1320 murus
1293 1275 1319 1319 l.
1332 1292 1364 1320 c.
1372 1287 1417 1340 p.
1431 1289 1555 1333 2344.
1567 1291 1608 1324 n.
1621 1277 1637 1333 (
1647 1275 1747 1343 Q).

220 1358 354 1400 Nova
377 1352 531 1400 afferre
557 1354 747 1417 putabor
768 1357 845 1408 iis,
868 1357 945 1416 qui
977 1355 1089 1399 nulli
1121 1353 1210 1400 fere
1232 1354 1516 1417 scriptorum,
1541 1370 1621 1400 nec
1642 1369 1719 1400 Mo
1734 1367 1778 1400 t.-

216 1437 242 1467 1.
258 1438 384 1475 ERo,
408 1438 489 1466 nec
510 1436 610 1467 οιΑ
626 1436 776 1474 usro,
809 1437 891 1466 nec
924 1420 1026 1484 ipfi,
1056 1424 1134 1484 qui
1163 1438 1211 1467 ea
1245 1422 1478 1483 diligenter
1500 1422 1781 1468 animadver-

215 1501 306 1532 tere
336 1487 449 1532 solet
478 1487 671 1547 singula,
704 1501 849 1532 nffiuo
884 1488 930 1533 id
963 1501 1258 1533 memoratum
1288 1492 1571 1535 invenerunt.
1648 1491 1775 1534 unus

214 1551 505 1600 nENRicus
551 1569 573 1597 Β
589 1568 1005 1607 RENCMANNUS,
1046 1556 1094 1598 in
1127 1569 1180 1599 eo
1209 1557 1363 1599 ceteris
1397 1553 1601 1611 felicior,
1633 1555 1773 1620 quod,

215 1620 335 1668 fausto
361 1637 438 1685 per
466 1619 642 1665 Italiam
674 1623 856 1674 itinere,
886 1619 977 1684 ipsa
997 1623 1144 1683 potuit
1161 1620 1377 1667 Italorum
1400 1620 1556 1667 scrinia
1586 1621 1773 1668 arculas-

215 1706 301 1752 que
334 1688 617 1752 pervestigare
638 1725 651 1743 ,
688 1687 811 1732 binis
844 1688 890 1732 id
919 1689 1063 1734 verbis
1096 1691 1242 1750 tetigit
1274 1692 1321 1734 in
1350 1689 1537 1750 Hzstoria
1567 1688 1771 1736 Pande&

215 1754 307 1803 Lib.
327 1759 405 1803 JV.
431 1757 525 1822 Cap.
554 1771 582 1799 1.
601 1768 746 1821 p.510.
813 1753 1000 1802 Fortasse
1022 1757 1182 1801 eodem
1209 1756 1309 1810 ille,
1334 1772 1426 1819 quo
1450 1773 1550 1818 ego,
1573 1756 1773 1821 explora-

214 1836 309 1870 tum
332 1823 379 1869 id
400 1826 722 1885 cognitumque
755 1837 1018 1883 argumento
1049 1822 1218 1869 habuit.
1263 1827 1492 1869 Nimirum
1514 1823 1657 1887 posita
1679 1825 1770 1870 haec

213 1892 331 1938 extra
355 1907 537 1937 omnem
558 1889 692 1936 facile
713 1891 859 1936 credet
879 1890 1233 1947 dubitationem,
1264 1894 1342 1954 qui
1361 1890 1492 1937 verba
1514 1893 1652 1953 leget,
1674 1908 1769 1954 quae

213 1958 370 2022 scripta
394 1958 558 2005 exstant
579 1957 655 2004 sub
680 1961 860 2005 initium
881 1958 1178 2021 Diplomatis,
1212 1957 1340 2022 supra
1362 1967 1399 2016 §.
1419 1961 1456 2004 Ι.
1478 1969 1561 2006 not.
1584 1962 1674 2019 (uu)
1693 1959 1768 2004 ad-

217 2021 362 2081 duffi,
383 2043 472 2090 quo
494 2028 704 2072 DoCtoris
727 2028 921 2071 honores
945 2030 992 2070 in
1004 2042 1290 2071 POLITIANUM
1304 2025 1403 2071 sunt
1424 2025 1596 2070 collati.
1673 2026 1769 2079 Illa,

215 2107 319 2136 cum
352 2094 481 2151 hujus
513 2095 706 2135 maxime
737 2092 821 2136 (int
846 2091 965 2143 loci,
998 2094 1145 2136 denuo
1178 2094 1248 2136 hic
1278 2091 1503 2153 proferam
1536 2094 1771 2138 Lestorum

216 2161 379 2219 gratia:
417 2160 516 2200 Cum
537 2159 673 2220 {gitur
695 2159 739 2202 V
738 2161 780 2199 ir
800 2154 1063 2220 dvffifflmus,
1085 2156 1254 2222 insignis
1270 2161 1322 2201 Ι).
1348 2158 1544 2221 Angelus,
1558 2155 1622 2218 fil.
1646 2175 1770 2223 egre-

212 2227 283 2290 gii
296 2221 491 2268 DoHorir
503 2226 556 2268 D.
572 2220 800 2268 Benedibli
813 2220 866 2266 de
876 2221 1155 2287 Ambroginir,
1177 2223 1229 2268 de
1240 2225 1390 2269 Monte
1399 2225 1617 2280 Politiano,
1638 2228 1768 2272 Prior

217 2282 1073 2354 Secularis·‚(⁶9³CollegiataeEcclofiaeSanc‘Zi
1085 2290 1209 2336 Pauli
1221 2290 1453 2335 Florentini
1466 2293 1769 2350 &c.Qando-

217 2359 399 2420 quidem
420 2373 525 2403 vero
540 2374 591 2403 ex
613 2355 929 2419 subscriptione
951 2359 1081 2416 hujus
1094 2356 1365 2421 Diplomatis
1394 2373 1589 2421 apparet,
1616 2359 1766 2405 confe-

218 2428 334 2471 ustum
355 2429 441 2485 jam
465 2440 586 2470 anno
615 2433 708 2483 1485
732 2422 878 2479 fuiffe,
904 2425 1120 2486 dignitate
1152 2427 1234 2472 hac
1256 2432 1568 2482 mmmmm,
1600 2426 1768 2472 necess'e

216 2492 289 2546 est,
323 2507 530 2538 ornatum
561 2490 687 2538 fuiffe
722 2505 888 2537 mature
920 2493 1176 2539 admodum.
1247 2492 1374 2538 Unde
1407 2497 1628 2553 conjicere
1649 2493 1768 2547 licet,

215 2561 415 2606 additam
448 2560 524 2623 ipsi
559 2560 702 2605 statim
731 2556 855 2605 fuiss'e
876 2561 1129 2606 Sacerdotio
1153 2579 1165 2613 ς
1196 2561 1241 2607 id
1267 2560 1390 2624 quod
1420 2559 1543 2624 supra
1566 2564 1654 2621 jam
1677 2561 1769 2606 dixi

216 2631 267 2683 ,οἳ
290 2630 325 2672 Ι.
345 2638 427 2674 not.
452 2628 565 2684 (xx.)
632 2631 735 2672 Hoc
750 2630 870 2673 enim
903 2631 948 2674 &
971 2632 1111 2682 mori,
1142 2645 1275 2692 penes
1299 2627 1554 2674 Pontificios
1574 2642 1769 2691 recepto,

198 2694 341 2749 satis,
375 2708 423 2739 ut
444 2698 629 2758 opinor,
663 2697 898 2750 convenit,
933 2698 975 2742 ὅ(
999 2712 1051 2740 ex
1082 2714 1135 2741 eo
1158 2695 1497 2760 quodammodo
1526 2696 1768 2757 colligitur,

217 2762 340 2827 quod
359 2765 408 2808 in
430 2763 589 2810 eodem
601 2766 790 2809 omnino
805 2763 987 2828 templo,
1013 2767 1060 2810 in
1075 2781 1166 2828 quo
1191 2763 1306 2810 sacra
1321 2762 1620 2829 administrata
1644 2779 1665 2808 a
1691 2779 1769 2808 Po-

1148 2835 1177 2880 P
1625 2845 1771 2879 Lum-
