2064 3115
787 205 1184 248 HISTORIA
1259 204 1465 249 v-xTAE

279 282 1572 307 -—.-.-—·———-—-=————-——-——·—-——-—-·-

393 345 477 394 gna
509 346 575 376 1‘0
592 346 645 375 LI
662 346 693 374 T
713 345 728 372 ι
749 343 783 373 A
800 343 834 373 N
852 343 869 372 ι
904 325 1147 380 calamitas,
1175 341 1270 388 quae
1301 322 1378 370 nifi
1407 320 1546 380 fuiffet
1566 358 1581 377 ,
1609 342 1699 372 non
1729 328 1801 376 ille
1831 345 1939 392 pro-

391 395 511 445 sedto
553 399 598 441 in
630 405 791 440 tantam
830 391 1183 458 graviffimorum
1222 393 1455 437 criminum
1492 387 1774 454 suspicionem
1805 392 1942 442 venis-

390 460 464 510 set.
533 459 656 507 Idem
688 459 747 507 est
765 458 971 523 judicium
1008 476 1036 507 c
1052 478 1084 507 A
1101 476 1120 506 s
1139 477 1176 508 ι’.
1219 475 1244 504 Β
1260 476 1292 506 A
1307 476 1336 505 R
1353 475 1385 504 ‘r
1405 475 1435 504 Η
1450 475 1467 505 1
1485 476 1500 503 1
1544 458 1638 506 Lib.
1660 461 1830 510 XLVII.
1852 461 1940 507 Ad-

387 528 552 592 verfizr.
574 532 670 593 Cap.
675 544 720 586 5.
743 542 783 593 p.
796 522 904 588 2192‘²
932 531 1049 587 cujus
1069 525 1198 572 verba
1220 523 1343 589 supra
1364 529 1548 584 §.XVIL
1575 538 1661 573 not.
1678 526 1748 584 (a)
1769 525 1941 574 adduxi-

387 591 486 644 m'us
509 631 524 650 ,
555 595 907 660 testimoniisque,
926 610 977 640 ex
1019 610 1065 639 re
1093 590 1180 657 ipsa
1213 589 1389 648 summ,
1411 592 1778 642 confirmavimus.
1845 593 1943 640 Fuit
1999 605 2009 647 j

388 674 593 728 praeterea
629 678 864 708 commune
888 663 973 707 hoc
1008 678 1031 707 ε·
1048 677 1114 706 OL
1130 679 1144 706 1
1161 676 1222 707 ‘1²1
1238 677 1312 706 AN
1329 677 1357 707 o
1388 677 1488 706 cum
1518 657 1605 722 ipsa
1637 672 1765 724 gente
1796 656 1942 708 Medi-

389 747 476 778 caea
504 727 664 783 fatum,
685 746 815 794 quam
849 744 950 773 cum
988 726 1159 781 aemuli,
1180 740 1227 772 ut
1257 727 1417 772 constat
1448 744 1500 773 ex
1528 725 1804 790 superiorum
1836 740 1944 774 tem·

387 813 553 862 porum
584 795 776 851 historia,
798 792 1076 859 potentiss'nni
1107 790 1481 856 affligerent‚&‚ut
1504 793 1672 859 fastigio
1702 792 1780 841 suo
1801 792 1944 841 detur-

389 865 554 917 barent,
575 861 850 909 funefflffima
880 859 1051 906 consilia
1082 858 1356 912 conferrent,
1377 859 1472 905 fieri
1502 859 1622 906 aliter
1653 879 1744 908 non
1777 866 1945 927 potuit.

389 948 520 997 quam
541 941 588 975 ut
610 928 661 974 ad
683 926 795 991 ipsos
815 930 952 991 gentis
980 927 1104 985 hujus
1124 924 1337 978 alumnos,
1349 929 1393 971 in
1413 926 1562 989 quibus
1584 931 1849 992 praecipuum
1879 928 1944 975 lo-

390 1014 494 1044 cum
526 998 660 1042 tenuit
699 1009 1057 1045 summamus,
1093 994 1195 1038 tanti
1229 991 1334 1038 mali
1363 996 1509 1057 portio
1531 1010 1621 1040 non
1649 994 1800 1042 ultima
1828 999 1944 1047 veni-

388 1076 470 1111 ret.
504 1107 507 1109 ,
540 1062 635 1125 Qa
666 1064 710 1107 in
745 1078 792 1107 re
825 1057 1032 1106 assensum
1063 1059 1185 1106 nobis
1211 1058 1334 1107 facile
1360 1061 1576 1126 praebebit,
1605 1066 1693 1128 qui,
1717 1081 1806 1109 non
1825 1067 1943 1128 igna-

387 1146 461 1178 rus
493 1129 690 1176 literaria:
722 1128 898 1175 illorum
923 1136 1174 1191 temporum
1206 1127 1410 1183 historiae,
1433 1132 1477 1176 iu
1501 1133 1764 1177 memoriam
1786 1129 1860 1177 fibi
1881 1148 1947 1178 re·

387 1200 606 1244 vocaverit
641 1213 796 1242 eorum
834 1197 1033 1242 omnium
1057 1230 1072 1249 ‚
1116 1195 1267 1259 quibus
1299 1195 1476 1244 liberale
1513 1195 1750 1261 hospitium
1790 1195 1946 1245 donnus

385 1262 598 1313 Medicaea
627 1261 995 1327 praebuit,sortem
1027 1259 1377 1324 affliCtiffimam3
1422 1267 1467 1310 in
1490 1263 1859 1330 quibus,dubito,
1889 1282 1945 1312 an

386 1330 612 1379 ostendere
643 1329 710 1377 vel
741 1347 877 1377 uuum
905 1327 1067 1393 postis,
1095 1328 1149 1376 de
1178 1348 1268 1396 quo
1299 1348 1390 1378 non
1417 1330 1652 1397 turpiffima
1682 1351 1860 1399 quaeque
1898 1337 1944 1380 in

348 1398 542 1463 *vulgus
585 1395 779 1462 sparserit
823 1399 1055 1443 hominum
1098 1397 1454 1462 nequissimorum
1494 1399 1716 1447 calumnia.
1788 1402 1942 1447 Unum

386 1466 455 1514 his
489 1464 599 1512 addo
621 1500 636 1519 ‚
670 1468 715 1511 in
743 1474 846 1529 ‘quo
884 1466 993 1509 mihi
1024 1467 1289 1527 praecipuum
1325 1464 1473 1511 videor
1506 1471 1608 1515 tanti
1641 1467 1744 1513 mali
1771 1467 1940 1514 fontem

385 1531 772 1598 scaturiginemque
816 1533 1030 1578 invenire.
1134 1534 1183 1576 In
1219 1530 1427 1595 quosdam
1473 1533 1758 1579 Ecclefiarum
1805 1537 1942 1598 magi-

384 1600 527 1654 ssrOS,
549 1600 766 1648 abutentes
794 1591 1002 1663 potessaite
1033 1594 1102 1643 sua
1117 1633 1133 1652 ‚
1154 1602 1199 1644 ὅ(
1223 1602 1266 1642 in
1290 1615 1469 1662 gregem
1492 1597 1615 1644 suum
1638 1598 1859 1645 ambitiose
1880 1603 1942 1646 ni-

384 1670 472 1714 mis
502 1665 544 1713 se
571 1679 780 1730 gerenteS‚
802 1665 994 1712 acerbius
1020 1662 1208 1718 subinde,
1233 1663 1420 1724 ejusdem
1444 1670 1639 1729 quamvis
1667 1665 1831 1712 ordinis
1866 1669 1946 1714 ho-

385 1751 465 1780 mo
480 1769 495 1789 ,
525 1731 687 1780 dixerat
720 1736 764 1779 in
793 1731 953 1796 scriptis
985 1730 1068 1776 suis
1113 1749 1137 1778 ι’
1156 1749 1183 1778 0
1201 1749 1225 1778 L
1243 1749 1258 1778 1
1274 1749 1305 1778 'r
1324 1750 1340 1778 1
1361 1752 1392 1780 A
1407 1751 1440 1779 N
1458 1750 1490 1790 u
1505 1752 1523 1781 s
1539 1769 1553 1787 ,
1584 1737 1630 1781 ἀ
1667 1737 1943 1799 importunos

387 1818 542 1847 eorum
569 1817 730 1853 mores,
743 1797 1104 1864 superciliumque
1132 1798 1672 1867 paedagogicurmgravius,
1691 1819 1822 1866 quam
1856 1801 1941 1849 fer-

383 1883 435 1913 re
468 1865 574 1913 solet
597 1865 708 1913 ordo
729 1865 817 1920 ille,
845 1865 1191 1929 reprehenderat.
1260 1869 1366 1912 Sunt
1399 1872 1486 1928 ejus
1512 1871 1703 1931 generis,
1725 1886 1817 1932 quae
1837 1869 1943 1934 legi-

382 1950 483 1981 mus
505 1937 551 1978 in
572 1934 702 1979 literis
723 1932 775 1978 ad
812 1949 1140 1981 'rusa-Anu
1160 1953 1197 1980 M
1246 1950 1271 1980 c
1291 1951 1321 1981 a
1341 1938 1681 1990 incumbi».
1704 1940 1775 1986 JV.
1799 1940 1941 2002 Ep.o‘.·

381 2004 494 2054 Alii,
506 2018 600 2047 cum
621 2000 673 2062 fi
695 2000 920 2066 magzstrot
940 2002 1213 2059 Ecclesiarum
1239 2002 1523 2066 profitentur,
1546 2005 1747 2058 credunt,
1755 2004 1841 2064 sthi
1858 2009 1944 2064 jus

380 2068 458 2129 effi
490 2073 540 2114 in
563 2068 753 2114 homines
775 2073 876 2114 vita
897 2067 948 2117 &²
969 2073 1084 2114 necis
1107 2085 1117 2115 ε
1161 2074 1312 2133 itaque
1319 2073 1381 2129 sic
1402 2075 1745 2137 intemperanter
1759 2074 1942 2138 potesta-

378 2149 423 2183 te
455 2134 714 2188 abutuntur,
735 2147 785 2182 ut
807 2152 1031 2201 nunquam
1037 2136 1332 2201 fhpercdmm,
1352 2155 1572 2203 nunquam
1599 2139 1822 2204 paedagogi
1844 2142 1939 2187 vul-

378 2215 491 2256 tum,
515 2204 565 2252 ὅ
593 2203 725 2250 verba
757 2204 832 2250 illa
857 2212 1032 2256 tetrica,
1044 2203 1269 2269 deponant.
1283 2206 1338 2250 Et
1367 2205 1647 2252 Franciscanae
1681 2204 1801 2253 sec'tae
1824 2204 1938 2254 seve-

378 2271 549 2315 ritatem
584 2269 821 2316 simulatam
855 2266 953 2317 salse
985 2269 1095 2317 ridet
1123 2273 1167 2315 in
1194 2273 1370 2337 Prologo
1390 2279 1438 2319 in
1470 2275 1624 2322 Plauti
1644 2275 1936 2330 Mtnaecbmot,

374 2352 507 2401 quem
561 2337 731 2384 exhibet
772 2337 964 2401 Epistola
1010 2342 1098 2400 ejus
1149 2335 1201 2384 ad
1260 2356 1332 2388 ΡΛ
1350 2358 1380 2386 u
1397 2358 1422 2388 ι.
1437 2358 1466 2386 υ
1488 2358 1526 2387 M
1597 2358 1625 2390 c
1640 2359 1670 2391 o
1687 2361 1724 2392 M
1739 2361 1762 2392 ι»
1780 2360 1814 2392 Λ
1832 2360 1860 2390 ιι
1882 2360 1898 2388 1
1915 2369 1934 2403 ·.

376 2420 511 2460 xum,
550 2405 644 2453 Lib.
664 2408 755 2453 VII.
790 2409 857 2472 Ep.
878 2423 950 2464 15:

510 2474 610 2526 Sed,
625 2479 704 2538 qui
726 2491 797 2519 vos
818 2474 1048 2529 damnant,
1061 2475 1281 2535 btstriones
1292 2475 1406 2537 fitnt
1427 2484 1629 2526 maxumi
1639 2496 1654 2524 .-

506 2542 621 2588 Nam
656 2544 804 2588 Curios
824 2543 1059 2601 simulant,
1096 2550 1259 2589 vivunt
1294 2545 1599 2596 Bacchanalia.

500 2609 568 2654 Hi
588 2607 701 2669 fiant
728 2614 940 2674 praecipue
972 2609 1153 2675 quidam
1196 2611 1382 2670 clamoſs,
1417 2613 1554 2668 leves,

504 2676 713 2722 Cucullati
729 2710 743 2728 ,
776 2676 1011 2743 ltgm‘pedes
1029 2710 1044 2729 ,
1074 2678 1208 2726 cindli
1242 2676 1446 2741 funibus,

504 2742 848 2809 Supercilioficm,
885 2750 1281 2796 incurvicervicum
1312 2761 1453 2812 penus.
