2064 3115
207 245 484 293 nucem
554 221 1040 285 AMnRomNt
1112 235 1546 286 tom-riam.
1622 224 1702 279 385

130 380 191 415 tes
228 385 327 415 cum
349 366 545 415 Mabilio.
604 363 747 412 Nam,
768 372 925 422 praeter
959 360 1050 405 haec
1085 358 1199 423 ipsa,'
1227 357 1396 406 nullum
1425 356 1555 403 exstat
1584 358 1696 401 iuter

125 435 454 499 Epigrammata
500 443 864 478 ΡοιιτιΑΝι
886 461 900 481 ,
956 424 1045 473 uod
1073 425 1125 472 ad
1158 442 1334 474 MARu
1358 441 1526 472 ιιυΜ
1555 424 1696 469 trahe·

127 518 177 550 te
208 506 302 563 jure
332 496 473 565 poflis.
544 496 699 561 Neque
728 509 833 540 vero
853 443 1086 558 quidquam
1108 506 1256 541 contra
1279 511 1358 540 nos
1384 491 1491 539 valet
1513 488 1616 536 illud
1639 489 1697 534 al-

127 580 272 615 terum
315 573 618 629 argumentum
669 579 693 609 Β
713 579 754 609 AE
772 577 799 608 ι,
821 580 836 609 1
853 580 870 611 1
892 596 907 617 ,
951 561 1005 608 ab
1050 559 1329 625 inscriptione
1368 563 1491 607 unius
1530 560 1696 605 horum

127 636 399 685 Carminum,
422 635 472 677 in
512 628 750 677 Mabilium
784 633 1007 677 Novarum
1041 628 1254 692 Infitbrem
1277 664 1290 682 ‚
1315 632 1524 692 petitum3
1559 642 1695 690 quau-

125 698 355 766 doquidem
384 713 476 743 non
495 731 511 751 ,
543 695 660 760 quod
702 706 820 758 putat
867 711 893 739 n
911 713 949 740 n:
972 714 995 740 ι
1017 715 1033 741 1
1053 713 1083 741 u
1103 713 1124 741 s
1147 731 1161 748 ,
1207 710 1308 742 ortu
1360 701 1404 743 δι
1451 693 1657 739 natalibus
1681 727 1696 745 ‚

124 766 194 819 sed
225 763 384 831 genere
418 774 584 809 tantum
630 765 674 809 ὅ(
708 761 943 822 majoribus
967 795 981 814 ,
1018 762 1277 820 Byzantinus
1312 761 1394 806 fuit
1435 781 1515 807 MA
1536 778 1563 806 R
1584 776 1613 805 U
1638 777 1696 804 L-

125 848 218 882 tus
233 868 246 887 ,
268 831 298 878 si
322 848 418 878 vera
441 827 550 883 sunt,
577 846 670 895 quae
707 826 835 874 tradit
872 846 899 875 B
917 845 944 875 R
961 845 989 876 o
1009 843 1039 874 υ
1059 843 1086 875 c
1109 845 1139 876 Κ
1158 844 1188 873 H
1210 843 1241 872 υ
1266 844 1285 872 s
1305 844 1320 871 1
1337 843 1366 870 U
1386 842 1405 871 s
1451 828 1480 873 l.
1496 844 1527 873 c.
1598 828 1696 871 Fuit

122 902 240 947 enim
290 917 328 946 M
346 917 378 946 A
396 915 425 945 R
445 914 474 944 υ
494 915 518 944 1.
539 914 563 943 L
582 915 596 943 1
636 898 759 956 hujus
791 906 937 960 pater,
974 913 1013 943 Μ
1030 914 1061 944 A
1076 911 1140 941 N1
1160 913 1184 941 L
1209 912 1224 940 1
1245 911 1273 939 u
1288 911 1308 940 s
1326 931 1337 946 ‚
1368 909 1521 938 eorum
1562 908 1696 946 unus,

119 968 194 1030 qui
229 964 384 1015 Seculo
414 966 520 1011 X111
541 968 601 1011 ·&
649 964 754 1009 xiv
801 977 974 1027 penates
1010 961 1153 1009 exules
1187 980 1210 1008 e
1242 963 1406 1008 Graecia
1450 962 1493 1005 in
1529 958 1695 1005 Italiam

124 1031 545 1086 transtulerunt,ubi
589 1034 785 1095 genitum
822 1032 862 1076 ei
898 1032 1014 1076 hunc
1052 1029 1226 1081 filium,
1273 1026 1424 1092 quidni
1455 1025 1697 1073 verosimile

117 1112 292 1166 putetur
314 1103 330 1146 ἲ
398 1097 556 1146 Forsan
580 1101 712 1162 igitur
743 1114 795 1144 ex
828 1099 907 1143 hac
929 1100 1148 1144 Carminis
1182 1094 1475 1160 inscriptione,
1488 1110 1581 1157 quae
1606 1092 1695 1140 fue·

121 1170 178 1214 rit
210 1170 343 1231 patria
386 1184 425 1214 M
443 1185 475 1213 A
495 1183 523 1212 R
544 1183 573 1212 u
591 1184 616 1212 1.
635 1182 659 1211 1.
681 1183 697 1211 1
724 1201 739 1219 ,
783 1163 942 1210 discere
975 1170 1059 1227 jam
1100 1164 1224 1210 nobis
1265 1163 1402 1212 liceat.
1491 1163 1693 1226 Denique

122 1231 370 1298 scrupulum
403 1237 542 1280 movit
585 1249 609 1279 B
628 1250 666 1280 AE
689 1250 714 1279 L
737 1251 753 1278 1
775 1248 805 1279 o
847 1233 1131 1296 Epitaphium
1153 1232 1362 1284 Mabilii,
1389 1228 1506 1295 quod
1538 1229 1697 1293 legitur

122 1302 235 1347 inter
254 1298 341 1365 ipsa
364 1301 454 1347 haec
486 1317 511 1347 1>
532 1317 560 1347 o
581 1317 606 1346 1.
628 1319 643 1346 1
665 1317 697 1347 ‘r
717 1319 731 1346 1
754 1319 784 1347 A
803 1317 836 1346 N
857 1317 873 1345 1
918 1302 1259 1363 Epigrammata.
1329 1299 1446 1344 Nam
1468 1331 1483 1351 ,
1517 1295 1546 1342 fi
1579 1313 1694 1343 anno

121 1365 302 1414 demum
339 1384 461 1428 1500,
484 1366 557 1413 diu
588 1367 684 1431 post
715 1379 906 1412 mortem
955 1384 979 1413 P
998 1384 1026 1413 0
1047 1384 1071 1413 L
1094 1385 1107 1412 1
1131 1383 1163 1412 'r
1185 1384 1199 1412 ι
1217 1384 1247 1413 Α
1265 1382 1299 1411 Ν
1320 1383 1336 1410 ι
1364 1401 1380 1422 ,
1415 1381 1521 1429 aqua
1555 1360 1693 1411 suffo-

121 1447 235 1481 catus
267 1438 427 1481 interiit
463 1452 501 1480 M
516 1451 545 1481 A
561 1451 589 1480 R
606 1453 635 1480 υ
654 1453 678 1480 L
695 1453 718 1481 L
735 1453 764 1480 υ
786 1451 805 1480 s
824 1470 836 1487 ‚
874 1436 946 1497 qui
983 1433 1154 1479 tumulo
1186 1437 1301 1493 ejus,
1320 1435 1474 1497 inquit,
1495 1428 1696 1495 superad-

121 1499 223 1546 dere
256 1516 430 1545 carmen
453 1502 594 1562 potuit
635 1518 658 1546 P
678 1517 705 1546 o
722 1517 745 1545 L
762 1518 774 1544 ι
794 1519 824 1546 Τ
846 1518 861 1545 1
881 1518 957 1546 AN
977 1517 1039 1547 us
1063 1504 1078 1546 ?
1105 1498 1188 1546 Sed
1221 1500 1329 1546 bene
1353 1498 1515 1545 fatstum
1539 1515 1561 1544 a
1597 1514 1691 1545 naz-³

127 1583 252 1621 ιιο,
285 1565 403 1632 quod
433 1564 600 1612 nodum
635 1567 750 1611 hunc
791 1563 880 1629 ipse
910 1563 1070 1620 solvit,
1103 1568 1148 1612 ἀ
1183 1568 1410 1630 ingenium
1445 1568 1585 1611 Poetae
1619 1567 1692 1612 hic

120 1636 329 1700 agnovit,
355 1636 429 1698 qui
462 1645 690 1680 mortuum
724 1631 860 1698 fingat
890 1631 1060 1679 hostem
1092 1630 1244 1686 suum,
1267 1645 1314 1678 ut
1341 1630 1397 1678 {ic
1425 1630 1618 1680 licentius
1651 1635 1692 1679 ei

118 1704 166 1748 &
190 1705 328 1766 magis
359 1704 539 1766 impune
564 1697 791 1747 insultaret.
861 1700 999 1747 Nobis
1022 1702 1169 1765 igitur,
1193 1699 1308 1746 larva
1338 1697 1523 1746 detrac'la
1539 1735 1553 1755 ,
1588 1704 1691 1751 Ma-

118 1766 252 1816 bilius
298 1785 338 1814 M
354 1786 386 1815 A
405 1785 433 1814 R
452 1785 483 1814 u
505 1785 530 1814 1.
556 1785 581 1815 L
601 1783 630 1814 υ
651 1786 688 1815 M
747 1765 886 1822 filiat,
940 1764 1070 1833 usque
1110 1784 1165 1813 eo
1189 1802 1203 1822 ,
1236 1765 1342 1814 dum
1380 1770 1565 1814 certiora
1616 1785 1692 1814 co-

118 1833 326 1900 gnoscere
361 1832 485 1882 nobis
519 1831 690 1881 aliunde
720 1833 856 1882 liceat.
930 1837 1043 1892 Jam,
1065 1832 1182 1899 quod
1211 1835 1336 1896 hujus
1373 1838 1573 1899 inprimis
1602 1830 1696 1882 loci

119 1902 397 1955 efl‚hostium
426 1900 819 1949 ferociffimeinter
838 1899 886 1954 se
908 1904 1197 1967 pugnantium
1248 1901 1622 1964 pulcherrimum,
1658 1901 1690 1949 fi

118 1968 214 2014 Diis
250 1968 411 2032 placet,
433 1969 593 2015 Ledior
626 1967 913 2033 sped‘laculum
957 1968 1165 2033 expediat.
1201 1969 1414 2015 Dabimus
1439 1980 1690 2033 vero‚quot·

117 2046 225 2099 quot
256 2034 442 2089 exstant,
480 2053 503 2082 i>
523 2051 551 2081 o
570 2053 626 2081 Lx
648 2052 679 2081 'r
700 2054 715 2081 1
734 2054 766 2082 A
786 2054 820 2082 N
841 2054 856 2081 1
908 2053 1027 2100 aeque
1065 2052 1114 2080 ac
1151 2052 1240 2082 MA
1262 2053 1289 2081 R
1308 2053 1337 2081 u
1361 2054 1387 2081 1.
1412 2053 1436 2081 ι
1459 2054 1475 2081 1
1517 2037 1689 2083 Carmi-

117 2101 196 2154 nas
213 2100 362 2164 quibus
393 2100 538 2153 ledus,
567 2118 697 2164 quam
734 2099 976 2164 ingeniosus
1009 2101 1056 2147 fit
1091 2101 1325 2148 exacerbati
1367 2105 1502 2148 animi
1535 2101 1688 2157 furor,

117 2167 340 2232 intelliges.
422 2169 495 2214 Po
511 2184 534 2213 L
549 2184 565 2213 ι
583 2184 613 2214 ‘r
634 2185 649 2213 ι
667 2184 704 2213 Α
720 2185 750 2213 N
773 2185 788 2213 1
808 2205 818 2224 ,
843 2169 996 2231 quibus
1030 2168 1267 2216 [Wabilium
1299 2168 1384 2216 risit
1404 2206 1418 2224 ‚
1451 2172 1684 2234 Epigram-

116 2246 229 2280 mata
271 2251 456 2281 numero
491 2232 641 2280 decem
668 2233 760 2280 sunt
780 2270 793 2289 ‚
829 2238 872 2280 in
901 2235 1050 2299 quibus
1082 2235 1250 2282 nullum
1273 2236 1346 2290 est,
1359 2235 1474 2301 quod
1495 2254 1584 2283 non
1608 2254 1682 2302 pe-

116 2300 434 2347 tulantissimam
464 2305 509 2349 &
541 2297 762 2348 effraenem
791 2300 963 2366 prorsus
1007 2301 1227 2349 cavillandi
1259 2302 1486 2350 libidinem
1531 2304 1680 2369 quua-

116 2380 199 2419 tur.
278 2371 456 2416 Horum
484 2372 633 2433 primo
666 2370 874 2417 Carmina
901 2389 939 2418 M
959 2386 993 2417 A
1008 2388 1037 2418 R
1056 2386 1086 2416 u
1103 2387 1129 2418 1,
1145 2388 1170 2418 1.
1188 2389 1206 2418 1
1222 2405 1236 2425 ,
1264 2371 1683 2438 innumerabilesque

113 2436 280 2483 horum
321 2436 521 2493 mendas,
557 2437 835 2501 perstringit:

183 2506 414 2551 Innumerae
456 2503 540 2551 tibi
559 2504 685 2567 finnt,
705 2504 893 2562 Mabili,
915 2511 963 2552 in
999 2512 1189 2554 carmine
1226 2508 1410 2566 mendae,

267 2576 433 2639 Atque,
454 2570 527 2618 ubi
542 2574 659 2632 sint,
691 2579 848 2637 quaeris
867 2592 886 2629 5
912 2570 1005 2640 pes
1030 2591 1150 2621 mare
1178 2581 1339 2640 quaeris
1368 2594 1542 2641 aquam.

115 2637 338 2693 Alterum,
363 2643 433 2685 cui
466 2640 637 2686 titulus:
674 2648 721 2686 in
754 2639 988 2688 Mabilzum
1017 2647 1238 2690 Novatum
1270 2642 1503 2703 Inficbrem‚
1527 2642 1678 2708 turpis-

116 2703 269 2753 simam
307 2725 343 2754 M
363 2724 395 2754 A
414 2723 444 2754 R
463 2722 493 2752 u
513 2726 537 2754 L
558 2724 584 2753 L
606 2725 621 2753 1
672 2710 908 2771 imaginem
943 2707 1192 2774 turpiffimis
1216 2709 1435 2758 coloribus
1465 2710 1677 2777 depingit,

118 2775 165 2824 ἀ
196 2775 305 2824 inter
338 2771 644 2827 sordidiffunos
679 2777 882 2824 omnium
915 2777 1063 2830 Poetas
1102 2795 1206 2827 eum
1240 2777 1350 2826 locat
1372 2794 1391 2831 εγ

853 2841 976 2891 Ddd
1008 2861 1032 2903 3
1546 2848 1674 2913 Qod
