2064 3115
169 206 549 263 ‘ANGELI
625 222 1092 265 AMBRO„GIN1
1169 224 1632 266 1³0¹L1T1AN1.
1703 219 1777 277 165

214 358 246 388 G
262 360 292 389 A
313 359 413 397 ZAE,
444 348 489 392 6<
529 362 560 392 G
579 362 604 392 ε
625 361 652 391 o
670 360 698 390 R
716 359 779 390 Gi
795 360 824 391 o
876 362 946 391 VA
961 362 985 392 L
1001 363 1070 392 ωε
1086 379 1102 399 ,
1135 343 1179 391 id
1209 348 1413 395 muneris,
1430 343 1667 413 susceptum
1693 369 1773 399 no-

209 423 340 459 verat.
414 413 654 464 Nimirum,
673 426 802 475 quam
830 410 1009 471 jucunda
1037 431 1059 458 P
1079 429 1107 459 o
1127 431 1151 459 L
1170 431 1185 458 1
1209 429 1241 459 T
1257 428 1273 458 1
1290 432 1323 461 A
1341 432 1372 461 Ν
1387 431 1416 463 0
1454 431 1556 463 eum
1577 418 1772 465 homini-

209 476 285 523 bus
307 480 462 525 Graecis
481 476 611 524 fuerit
641 476 875 534 aemulatio,
887 483 974 541 jam
1007 479 1107 526 alibi
1140 479 1305 527 dist-am
1338 481 1412 532 est.
1481 485 1578 532 Nec
1606 502 1769 549 paucos

207 542 305 592 fore
326 544 514 599 confido,
539 547 629 609 qui,
641 543 868 610 diligenter
888 544 1116 612 perspetstis
1148 547 1345 615 (iugulis,
1367 554 1414 597 &
1439 556 1611 617 cognita
1634 556 1768 618 inpri-

206 616 289 660 mis
325 632 350 660 ι»
365 631 392 661 o
406 630 430 659 1.
445 631 460 660 1
476 625 508 659 Τ
524 629 621 660 IAN
637 632 651 660 1
689 616 736 659 in
765 612 947 662 dicendo
969 614 1192 673 suavitate,
1215 616 1341 682 atque
1375 621 1419 664 in
1445 621 1768 685 interpretando

204 678 369 727 solertia
392 716 408 735 ,
438 680 561 731 hanel
581 680 819 729 verfionem
854 681 1183 747 quodammodo
1235 683 1549 748 praeferendam
1590 688 1766 753 reliquis

129 774 139 779 -
204 745 452 794 existiment.
520 748 662 796 Habet
684 752 801 796 enim
823 749 914 796 haec
935 753 1201 814 praecipuum
1222 749 1443 815 quoddam
1465 751 1593 799 decus
1615 773 1636 800 a
1657 773 1765 819 pura

199 817 245 860 &
267 810 506 862 inafferstata
525 812 732 864 sermonis
757 816 983 881 elegantia,
1002 822 1120 880 cujus
1152 835 1244 864 non
1277 821 1334 864 ita
1377 821 1422 864 in
1465 823 1615 867 ceteris
1660 840 1684 867 P
1704 841 1765 870 o.

147 912 149 914 -
205 897 230 926 L
249 899 264 927 1
287 898 318 927 T
339 883 404 930 1A
424 900 535 931 nus
574 881 698 932 fuisse
729 882 936 932 studiosus
968 884 1148 934 videtur.
1218 882 1442 933 Prodiiffet
1471 899 1615 935 tamen
1648 890 1764 946 hoc,

196 949 398 1015 quicquid
431 951 490 998 est
525 956 687 1018 operis,
710 952 915 1018 politiore
945 953 1076 1019 longe
1096 953 1261 1008 habitu,
1289 953 1320 1001 fi
1350 972 1430 1018 per
1461 953 1653 1004 fatorum
1689 975 1762 1005 ne-

127 1058 130 1061 »
195 1014 425 1066 ceffitatem
446 1018 533 1084 ipse
552 1038 703 1069 curare
724 1025 811 1083 ejus
833 1019 1068 1069 editionem
1094 1040 1118 1069 ι»
1139 1040 1166 1069 ο
1186 1041 1210 1070 L
1230 1041 1246 1068 1
1266 1042 1297 1071 Τ
1318 1041 1334 1069 1
1355 1041 1384 1071 A
1405 1042 1438 1072 N
1453 1040 1516 1072 us
1545 1022 1760 1088 potuiffet.

194 1085 496 1135 Communem
525 1090 634 1135 hanc
664 1085 748 1137 esse
778 1089 940 1136 sortem
963 1089 1193 1144 librorum,
1206 1107 1315 1156 quos
1352 1088 1510 1146 insciis,
1541 1090 1686 1139 forsan
1711 1097 1759 1142 δί

184 1153 335 1201 ‘invitis
355 1166 369 1213 ς
402 1154 433 1203 fi
472 1159 665 1205 viverent
684 1193 700 1212 ,
744 1157 962 1204 autoribus
1003 1160 1048 1204 in
1099 1157 1241 1205 lucem
1288 1157 1586 1223 protrudimus
1611 1194 1626 1214 ,
1663 1165 1758 1226 quis

191 1236 284 1267 non
333 1223 532 1289 intelligit
553 1228 570 1271 ἓ
664 1227 735 1272 Εη
781 1238 1060 1290 perorantem
1105 1244 1189 1290 pro
1225 1225 1347 1274 causa
1393 1245 1417 1273 P
1436 1244 1465 1275 o
1481 1247 1506 1275 L
1523 1245 1538 1273 1
1555 1245 1586 1275 'r
1602 1247 1616 1275 1
1633 1247 1666 1276 A
1684 1248 1718 1277 N
1737 1248 1755 1277 1

195 1304 222 1333 ι»
244 1304 412 1337 Ετκυ
434 1308 472 1337 Μ
535 1308 875 1340 eruin-rum
928 1296 974 1339 in
1006 1294 1130 1359 Epzst.
1161 1294 1226 1342 ad
1254 1312 1330 1361 Jo.
1366 1311 1612 1344 FRAnc.
1666 1315 1755 1344 1²1-

194 1370 222 1402 c
241 1373 271 1404 u
286 1373 325 1403 M
344 1366 361 1410 ',
406 1359 508 1405 huic
548 1363 671 1424 operi
714 1358 873 1422 adjedia
900 1379 911 1407 ε
991 1364 1189 1409 Ceterum
1208 1397 1222 1416 ‚
1265 1363 1383 1431 quod
1428 1362 1495 1410 ad
1538 1365 1756 1412 Politiani

180 1429 380 1487 pertinet
418 1432 830 1491 interpretationem
849 1462 865 1482 ‚
900 1441 1075 1475 tantum
1111 1442 1190 1493 pro
1225 1442 1412 1495 tempore
1449 1430 1564 1477 illud
1605 1431 1754 1479 admo-

184 1495 359 1536 nuerim
378 1524 395 1543 ‚
427 1493 696 1539 Politianum
740 1493 878 1558 ipficm
893 1529 907 1547 ‚
928 1497 976 1553 st
993 1495 1127 1556 paulo
1168 1497 1267 1560 plus
1307 1502 1359 1542 in
1398 1497 1603 1544 humanis
1644 1500 1755 1563 σμγ-ἶ
1818 1511 1820 1513 ’

173 1553 274 1617 fit,
302 1559 443 1606 multa
461 1560 595 1623 fmffi
628 1561 700 1607 vel
728 1560 797 1607 his
816 1560 1105 1620 additurum,
1126 1563 1200 1608 vel
1217 1563 1503 1612 induHurum
1523 1599 1537 1623 ,
1579 1571 1752 1615 omnino

175 1625 380 1690 pleniora
397 1626 490 1689 'haec
512 1628 640 1689 efflent
660 1634 807 1676 omnia
827 1629 1167 1697 decoffioraquc.

398 1699 409 1714 1

70 1736 152 1799 (i)
187 1731 333 1781 Exstat
370 1737 417 1782 ὃ(
472 1736 596 1795 hujus
649 1732 781 1781 libelli
804 1769 818 1788 ‚
867 1752 954 1800 quo
991 1739 1247 1783 Amatorias
1294 1733 1457 1800 aliquot
1511 1737 1750 1784 Narrati0-'

181 1819 258 1850 nes
291 1802 545 1867 complexus
582 1801 643 1849 est
686 1821 709 1849 P
727 1821 750 1849 1.
766 1821 795 1849 u
816 1819 847 1848 'r
867 1821 897 1850 A
915 1821 942 1850 R
960 1821 985 1851 c
1004 1821 1035 1851 H
1051 1821 1080 1850 υ
1101 1820 1120 1849 s
1140 1838 1155 1857 ‚
1200 1801 1415 1849 luculenta
1450 1804 1497 1848 in
1537 1805 1747 1870 Operibus·

185 1887 211 1918 1³
230 1887 298 1917 0L
317 1889 331 1917 1
351 1886 458 1917 ’ΝΑ
477 1888 541 1918 Νι
592 1873 902 1935 interpretatio.
1003 1868 1205 1917 Eundem
1251 1869 1400 1936 postea
1444 1869 1574 1916 latine
1616 1875 1745 1918 vertit

183 1954 215 1985 G
233 1955 262 1984 u
279 1956 294 1984 1
313 1956 336 1985 L
350 1973 362 1988 .
399 1958 428 1987 x
446 1957 474 1985 Y
494 1958 517 1985 L
534 1957 564 1986 A
586 1958 619 1986 N
638 1956 666 1985 1>
685 1957 710 1987 E
726 1957 754 1986 R
767 1976 781 1994 ,
806 1955 884 1985 nec
914 1936 957 1985 id
988 1937 1215 1985 infeliciter
1233 1974 1248 1993 ,
1285 1949 1330 1984 ut
1352 1940 1503 1985 omnia
1528 1936 1637 1993 fere,
1650 1956 1745 2004 quae

181 2007 248 2050 vir
280 2004 369 2051 ille·
392 2023 528 2069 graece
561 2004 824 2052 dodiiffimus
856 2006 1044 2070 vulgavit
1075 2006 1198 2052 olim.
1267 2008 1424 2051 Parum
1460 2021 1484 2049 a
1523 2009 1743 2065 juventute

180 2071 410 2135 provestus
432 2107 447 2125 ,
483 2071 639 2118 eodem
680 2075 848 2116 circiter
884 2084 1084 2135 tempore
1104 2107 1119 2126 ,
1159 2088 1247 2136 quo
1288 2069 1528 2117 versionem
1572 2072 1741 2120 Proble-

180 2150 349 2185 matum
398 2157 431 2186 A
449 2148 477 2185 L'
492 2156 516 2185 E
536 2156 563 2185 x
582 2156 611 2185 A
630 2157 663 2185 N
685 2153 711 2184 D
732 2156 760 2184 R
778 2158 791 2184 1
817 2136 1077 2192 *adornatam
1109 2136 1319 2195 diximus,
1350 2136 1402 2184 ad
1429 2139 1545 2184 hunc
1577 2157 1635 2186 Po
1654 2159 1678 2187 L
1694 2160 1738 2187 1-

183 2222 385 2254 TIANU
404 2223 424 2252 s
463 2206 658 2253 laborem
692 2202 917 2253 conversus
951 2205 1036 2261 est,
1071 2205 1174 2252 teste
1204 2205 1396 2269 Epistola
1432 2210 1546 2267 ejus,
1569 2223 1663 2271 quae
1693 2211 1739 2254 in

179 2273 325 2322 fronte
354 2273 486 2321 libelli
522 2274 694 2339 legitur,
723 2272 815 2321 data
850 2272 901 2320 acl
941 2292 964 2320 P
982 2291 1010 2320 A
1031 2276 1063 2320 N'
1079 2292 1106 2322 n
1124 2291 1154 2320 υ
1171 2291 1195 2320 L
1212 2290 1236 2320 F
1251 2291 1282 2320 u
1297 2292 1335 2320 M
1395 2289 1420 2321 c
1440 2290 1470 2320 o
1489 2292 1514 2321 L
1531 2292 1556 2320 L
1574 2291 1599 2321 E
1619 2293 1652 2321 N
1671 2291 1701 2321 u
1718 2303 1737 2315 -

181 2360 207 2391 c
223 2360 238 2390 1
255 2361 284 2389 u
302 2361 339 2390 Μ
363 2379 378 2399 ,
417 2345 511 2398 cui,
541 2345 729 2408 roganti,
752 2354 798 2388 ut
817 2341 890 2389 fibi
914 2345 1122 2390 eximium
1147 2338 1304 2406 aliquid
1328 2358 1380 2388 ex
1401 2342 1554 2388 Graeco
1581 2345 1626 2388 in
1654 2345 1735 2390 La-

178 2414 319 2458 tinum
358 2409 639 2469 transferret,
673 2407 757 2474 ipse
798 2409 993 2459 lubenter
1032 2409 1075 2456 id
1121 2409 1276 2457 laboris
1310 2408 1592 2473 praestiterat,
1630 2428 1734 2457 eun.

176 2478 387 2545 demque,
420 2483 502 2541 jam
536 2468 988 2534 confecftum,2i1noris
1026 2495 1132 2543 ergo
1169 2472 1447 2525 dedicaverat.
1516 2483 1640 2524 btitus
1665 2481 1737 2526 hie

175 2547 310 2595 facilis
341 2548 405 2593 est
437 2551 482 2595 ὅ(
514 2545 742 2610 iucundus,
777 2550 934 2613 quique
972 2549 1017 2594 in
1050 2549 1210 2594 amoris
1249 2556 1508 2612 argumento
1553 2543 1733 2593 versanti

175 2618 366 2663 maxime
408 2617 645 2663 conveniat.
724 2612 814 2681 Ipsa
841 2633 944 2663 vero
981 2617 1276 2681 interpretatio
1315 2625 1507 2662 accurata
1538 2611 1622 2670 est,
1657 2617 1733 2670 &,

175 2696 382 2750 quantum
418 2685 528 2733 mihi
555 2681 742 2746 judicare
777 2683 891 2740 licet,
922 2685 1074 2732 Graeco
1095 2684 1264 2750 optime
1281 2678 1569 2748 respondens,

971 2778 1024 2844 zx
1554 2776 1622 2835 (k)
1658 2775 1728 2820 111·
