2064 3115
238 260 531 303 ANGELI
591 258 1026 302 AMssaocxm
1085 256 1530 300 POLITIANI.
1637 245 1717 301 367

153 392 255 425 cere.
308 376 431 439 Qd
447 381 559 422 enim
580 390 674 420 mea
693 372 746 418 id
761 373 901 435 refert
924 376 945 418 .?
977 375 1071 419 Non
1093 385 1136 418 te
1141 372 1314 435 scilicet
1333 372 1563 421 docendum
1570 373 1711 436 susce-

143 450 212 511 pi,
257 445 309 491 ed
335 446 623 490 Florentinam
645 445 938 502 juventutem.
1012 441 1293 500 Ceterum,de
1324 441 1397 502 isto
1425 441 1602 508 quidem
1622 460 1712 507 qua

151 510 334 559 dicenda
360 508 638 564 videbantur,
670 506 836 554 abunde
863 513 911 554 in
941 506 1227 571 Miscellaneis
1254 509 1426 576 exposui
1444 528 1459 556 .·
1491 512 1625 570 simul
1653 517 1713 555 iis

152 578 348 648 respondi
365 577 513 632 obiter,
528 582 606 643 qui
627 576 797 624 modum
803 577 996 638 statuere
1016 578 1158 637 nostra
1182 579 1399 638 industria
1424 576 1712 625 conabantur:

154 665 207 696 ac
231 665 295 696 mc
320 651 367 692 in
385 650 545 692 crimen
563 643 786 701 vocabant,
807 645 922 710 quod
942 645 1005 692 ad
1023 645 1113 692 haec'
1125 650 1295 692 minuta
1316 648 1368 696 ὅ
1389 648 1501 693 vilia
1522 664 1601 693 non
1624 663 1713 692 con-

153 721 357 770 niverent,
378 715 501 778 quasi
526 729 625 759 vero
655 713 736 771 ista
758 728 823 757 me
842 714 914 757 vel
937 729 965 757 a
991 714 1144 775 linguae
1167 720 1408 779 utriusque,
1431 717 1501 760 vel
1516 713 1569 761 ab
1591 718 1716 781 ipsius

152 784 333 847 denique
361 780 655 848 Philosophia,
676 793 998 844 ceterarumque
1032 777 1235 825 bonarum
1268 788 1454 836 artium,
1474 783 1715 847 profefflonc

154 855 442 897 avocaverint.
488 852 539 895 In
557 847 712 915 quibus
719 852 826 909 jam
845 849 998 894 multos
1015 864 1148 911 annos
1170 864 1323 911 magno
1340 848 1516 912 quidem
1538 867 1631 896 cum
1653 853 1714 895 la-

152 916 262 975 bore,
286 916 420 982 nescio
445 934 557 974 vero,
579 935 636 964 an
661 916 713 966 {5
736 933 831 963 cum
851 915 976 962 laude
999 915 1139 961 adhuc
1168 916 1497 981 aliqua,versor.
1519 918 1637 962 Cum
1664 917 1717 964 ad

152 983 433 1048 Miscellanea
454 990 678 1051 provocat',
692 1002 739 1032 ea
762 983 1079 1049 intelligit,quae
1103 987 1200 1050 Cap.
1213 987 1399 1032 LXXVII
1428 1001 1528 1031 vere
1549 987 1595 1031 ὅ(
1614 1002 1721 1049 pru·

153 1051 304 1102 denter
337 1051 580 1118 scripserat,
601 1056 687 1101 hoc
719 1056 860 1099 minus
897 1050 1258 1117 praetermittenda
1300 1052 1448 1106 nobis,
1479 1049 1595 1118 quod
1629 1054 1720 1101 haec

154 1122 510 1169 obtreehtoribus
550 1120 631 1169 suis
678 1120 730 1167 ad
779 1138 914 1167 unum
956 1120 1158 1168 omnibus
1205 1117 1427 1168 fortiffimi
1470 1123 1718 1167 munimen-

155 1192 188 1236 ti
223 1189 324 1238 loco
369 1187 602 1256 opposuit:
674 1193 774 1245 Haec
804 1189 1155 1254 (monumenta)
1186 1187 1320 1235 libens
1349 1189 1546 1255 equidem
1571 1188 1714 1252 fitbji«

155 1262 294 1312 ciam,
312 1272 488 1325 propter
500 1257 774 1326 propudiosos
791 1257 925 1321 nescio
945 1275 1062 1323 quos,
1076 1257 1128 1308 ὅ
1149 1256 1352 1322 aeruginis
1362 1259 1509 1323 plenos
1523 1296 1533 1316 ‚
1555 1258 1649 1305 odio
1676 1276 1715 1305 ο-

156 1331 252 1373 mni
265 1326 532 1392 fastidioque
561 1327 816 1392 digniffi'mos
834 1344 850 1374 ε
881 1332 974 1391 qui,
987 1342 1237 1390 quanquam
1253 1325 1425 1391 semper
1447 1328 1718 1373 elementarii

145 1392 280 1457 ficut,
300 1395 525 1454 vindicare
556 1409 702 1441 tamen
733 1400 851 1441 inter
881 1393 1072 1440 indocZos
1077 1394 1281 1456 fautores
1302 1394 1464 1441 audent
1473 1393 1560 1455 fibi
1579 1393 1718 1458 cenfic·

154 1478 254 1506 ram
275 1463 518 1508 literarum.
587 1466 709 1509 Sicut
729 1463 854 1522 istam
880 1479 1041 1527 quoque
1073 1463 1404 1528 qualemcunque
1431 1463 1616 1523 nostram
1649 1480 1721 1509 ve-

124 1585 126 1587 ¹
157 1528 331 1588 tustatis
352 1527 702 1594 deprehendenda
725 1546 776 1575 ac
795 1529 1038 1574 revocanda
1060 1530 1125 1588 (fi
1149 1529 1314 1591 liceat,)
1334 1530 1626 1595 diligentiam,
1628 1531 1718 1590 stu-

156 1594 374 1662 diumque,
385 1613 467 1643 non
489 1598 747 1644 cavillentur
779 1596 920 1653 modo,
930 1595 1017 1660 sed
1047 1595 1099 1645 {5
1122 1601 1191 1642 ita
1226 1597 1540 1662 reprehendant
1559 1616 1720 1655 acerne,

155 1665 280 1729 quast
291 1665 520 1730 flagitium
537 1666 689 1728 facere
713 1677 896 1732 putent,
931 1658 1047 1730 quod
1077 1662 1146 1710 his
1177 1670 1312 1710 otium
1348 1662 1617 1724 obleclemus,
1705 1667 1726 1713 l

158 1732 231 1787 (ut
258 1733 337 1800 ipsi
352 1739 492 1799 magis
521 1740 814 1796 contemtim,)
840 1733 955 1799 quod
983 1731 1029 1779 ob
1052 1732 1135 1779 haec
1159 1738 1244 1780 otio
1266 1733 1399 1794 nostro
1429 1735 1719 1792 invideamus,

155 1799 262 1847 dum
293 1807 340 1847 in
367 1795 490 1848 rebus
513 1802 617 1848 adeo
641 1803 826 1864 frivolis
851 1801 901 1851 ὅ
924 1799 1084 1848 levibus
1113 1814 1281 1866 operam
1299 1801 1541 1864 sumimus,
1581 1806 1718 1872 quasi-

155 1885 236 1935 que
266 1881 455 1935 tempus,
476 1888 569 1917 rem
587 1870 937 1937 pretioslfflmam,
961 1875 1010 1916 in
1024 1868 1297 1936 fitpcrvacua
1326 1888 1559 1935 erogamus.
1628 1875 1721 1935 Qi

155 1949 326 1993 tamen,
334 1940 378 1997 st
399 1939 590 2002 legtffitnt
610 1938 857 2004 aliquando,
871 1943 1084 1984 maximos
1112 1943 1231 1984 viros
1262 1937 1314 1984 de
1340 1940 1523 2002 singulis
1555 1957 1721 2005 quoque

156 2004 302 2049 literis
343 2010 517 2069 integra
553 2008 770 2052 volumina
810 2005 1066 2070 composuzffl
1086 2042 1099 2061 ,
1128 2023 1179 2051 ac
1209 2023 1258 2051 ne
1298 2005 1502 2068 Caestzrem
1545 2008 1720 2071 quidem

159 2069 296 2137 ipficm
329 2076 520 2117 veritum
549 2077 597 2118 in
626 2073 733 2118 hanc
764 2078 1022 2118 tenuitatem
1052 2071 1323 2132 descendere,
1357 2072 1516 2119 darent
1531 2075 1720 2136 for-taff&

160 2138 272 2186 mihi
291 2144 461 2184 veniam
480 2156 561 2184 non
590 2139 889 2203 occupatiffimo
920 2139 1106 2196 homini,
1128 2141 1175 2199 st
1209 2139 1395 2205 quando,
1407 2146 1524 2187 inter
1557 2143 1721 2191 altiora

150 2205 318 2267 studia,
339 2212 471 2252 etiam
497 2224 566 2252 res
586 2206 824 2266 istiusmodi
842 2206 1096 2264 tractarem,
1105 2217 1274 2274 parvas
1301 2207 1491 2273 quidem,
1512 2209 1602 2272 sed
1619 2215 1718 2276 qui-

162 2272 237 2321 bus
267 2279 402 2320 etiam
435 2292 594 2339 magna
614 2278 843 2334 juventur.
914 2277 1057 2340 Neque
1086 2275 1490 2342 eninz‚rcprehendi
1509 2294 1573 2324 me
1593 2283 1717 2340 jure,

154 2355 285 2411 puto,v
297 2344 345 2402 st
366 2341 447 2388 haec
466 2349 623 2398 ctiam,
648 2341 733 2404 sed
761 2342 842 2389 hac
859 2342 982 2405 sola,
1006 2343 1224 2406 consecter,
1256 2343 1320 2390 ad
1343 2361 1447 2410 quae,
1470 2363 1551 2391 non
1585 2360 1635 2392 ut
1665 2346 1720 2394 ab

160 2415 247 2456 otio
267 2409 330 2456 ad
336 2409 548 2470 studium,
573 2409 659 2473 scd
678 2423 727 2456 ut
745 2428 772 2457 a
792 2410 937 2471 studio
965 2410 1028 2457 ad
1048 2417 1198 2468 otium,
1220 2429 1284 2458 me
1305 2412 1459 2475 refero,
1486 2414 1537 2463 εἴ
1559 2419 1607 2461 in
1627 2433 1718 2480 quae

160 2495 242 2524 non
264 2490 358 2526 tam
375 2479 502 2541 feror
521 2496 573 2523 ex
589 2479 781 2544 profeffo,
801 2496 930 2544 quam
958 2478 1054 2541 casu
1075 2479 1230 2537 incido,
1252 2498 1322 2527 ceu
1341 2483 1396 2541 st',
1418 2481 1640 2534 littoribus
1665 2501 1720 2529 ex

161 2547 369 2592 commodo
397 2545 691 2602 inambulans,
711 2547 883 2593 conchas
910 2553 1090 2594 interim
1108 2549 1301 2613 colligam
1328 2548 1520 2612 securus.
1575 2554 1720 2617 Neque

164 2626 308 2660 tamen
332 2619 378 2661 in
399 2614 450 2660 id
471 2632 541 2679 ego
550 2614 828 2681 supercilium
837 2613 1049 2678 subduco,
1080 2633 1153 2662 nec
1185 2617 1285 2666 inde
1315 2635 1378 2663 me
1409 2618 1569 2681 cenfiri
1579 2620 1721 2682 facile

154 2694 349 2748 paterer,
371 2695 420 2727 ut
445 2688 547 2747 qui,
569 2700 650 2728 non
683 2689 836 2749 apinas
859 2683 976 2730 modo
1007 2683 1088 2730 haec
1118 2684 1194 2746 effe
1219 2684 1270 2735 ὅ
1299 2685 1540 2742 trichas‚ut
1557 2693 1606 2734 in
1618 2703 1721 2754 pro-

164 2748 304 2796 verbii
334 2749 498 2797 ludicro
519 2751 587 2810 est,
610 2766 759 2797 verum
782 2757 915 2798 ctiam
939 2767 1054 2818 paene
1072 2752 1208 2810 nihil,
1233 2752 1285 2802 δῖ
1316 2758 1416 2800 novi
1430 2792 1442 2810 ,
1478 2754 1530 2805 ὅ
1552 2755 1720 2818 fatcor,

166 2817 254 2881 Sed,
271 2831 417 2870 tamen
440 2818 519 2890 ‘hoc
540 2818 676 2888 zpfimz
695 2834 790 2871 tam
808 2818 921 2869 nihil
939 2820 1116 2886 praestat
1144 2835 1292 2889 agere,
1320 2839 1453 2891 quam
1487 2824 1633 2892 longas
1661 2825 1727 2873 ad

867 2887 975 2937 Bbb
1025 2905 1050 2940 2
1617 2893 1724 2962 1·ρρ-
