2064 3115
279 186 374 247 '406
782 184 1192 230 HISTORIA
1266 187 1471 230 VITAE

281 261 1378 289 ’.Ι-*ψῃ*
1426 288 1429 289 ⁷

394 314 491 355 veri
514 308 659 370 studio
692 308 744 358 εἴ
775 310 898 355 νεὲἶὶ.
968 310 1019 355 Si
1044 308 1197 375 sponte
1228 308 1300 355 hoc
1338 309 1544 374 afflqzwr,
1573 306 1669 354 bene
1699 310 1854 358 habet:
1878 314 1949 371 fin

393 381 551 431 minus,
573 389 623 422 at
642 374 695 422 ab
723 378 827 422 aliis
849 375 1082 443 &placide
1114 377 1338 423 admoneri
1357 375 1549 442 gaudee,
1579 374 1630 424 Εἴ
1658 376 1800 441 aspere
1826 380 1958 439 casti-¹

383 449 495 510 gari
526 460 606 489 non
634 460 730 489 recu
752 461 785 490 o.
868 447 1001 506 Quin,
1027 457 1077 490 ut
1106 446 1197 490 illis
1224 441 1348 490 habeo
1379 448 1616 510 gratiam,
1648 444 1711 502 stc
1741 444 1832 502 istis
1863 462 1944 490 non

389 509 554 572 irastor
573 527 588 556 .·
624 510 829 571 honestius
849 511 1017 568 ducens,
1038 511 1271 575 aliquando
1304 511 1446 557 doceri
1455 525 1612 575 ‚quam
1627 509 1798 575 fimper
1818 508 1944 572 nesti-

391 595 463 624 re:
498 594 578 625 non
607 583 721 624 enim
751 591 844 625 tam
877 591 999 641 turpe
1026 578 1169 640 refelli
1180 615 1192 634 ,
1213 594 1346 644 quam
1357 578 1586 644 pulchrum
1617 582 1789 640 corrigi.
1859 574 1946 623 Ad-
1984 590 1989 595 ‘

391 642 435 689 di
468 646 533 690 his
574 658 766 691 meretur
805 644 998 708 Epistola
1029 644 1082 691 ad
1131 662 1219 710 Jo.
1264 663 1286 691 P
1309 664 1323 690 1
1346 662 1370 692 c
1391 663 1420 691 U
1441 663 1478 691 M
1496 682 1509 700 ,
1532 644 1652 703 (Lib.
1670 647 1754 691 XII.
1787 647 1856 708 Ep.
1882 663 1911 695 1,
1914 652 1944 704 )

390 727 474 775 qua
510 729 541 759 H
560 728 586 757 Ε
606 729 635 758 R
651 731 688 759 M
707 730 735 760 o
755 730 780 757 L
800 730 833 759 A
849 730 878 758 U
895 730 931 759 M
971 729 994 758 Β
1012 729 1046 758 Α
1066 729 1095 757 R
1116 730 1139 759 Β
1159 731 1192 758 A
1208 730 1238 758 R
1259 730 1289 757 υ
1306 730 1362 767 Μ,
1397 715 1665 777 quantumvis
1685 729 1708 757 a
1730 709 1771 757 se
1795 708 1946 756 diffen-

390 781 571 825 tientem
605 782 651 824 in
676 780 901 827 Plinianis
931 778 1316 844 Castigationibus,
1338 778 1547 843 exquisitis
1578 777 1770 824 laudibus
1804 775 1949 842 prose-

390 848 552 909 quitur,
565 857 816 911 tantumque
839 849 878 892 ei
901 846 1063 898 tribuit,
1084 857 1294 908 quantum
1317 847 1388 890 vix
1409 847 1652 891 amicorum
1674 843 1852 891 suorum
1885 843 1947 890 ul-

390 910 436 958 li.
506 913 658 958 Scribit
683 917 728 959 &
748 915 818 958 hic
838 910 1029 957 modeste
1050 909 1288 957 admodum
1308 929 1319 958 ε
1357 914 1517 958 Contra
1541 928 1610 978 ego
1622 912 1947 978 prffiteor‚tam

387 985 530 1044 magis
556 978 916 1044 reprehensoribus
936 977 1196 1036 debiturum,
1219 996 1352 1044 quam
1397 985 1537 1044 magis
1579 980 1734 1039 eri-affe
1767 995 1832 1026 me
1875 978 1946 1026 do·

317 1047 323 1060 *
387 1051 566 1096 ‚cuerina
637 1047 744 1109 Qae
776 1063 875 1091 cum
904 1048 958 1091 ita
990 1044 1083 1100 fint,
1118 1050 1358 1110 aequitatem
1381 1043 1649 1111 agnoscimus
1673 1050 1719 1091 in
1748 1048 1829 1102 his,
1853 1062 1946 1110 quae

385 1109 630 1160 honorifice
665 1113 718 1160 de
759 1131 780 1159 P
804 1130 832 1159 0
851 1131 875 1159 ι,
893 1131 908 1158 1
930 1130 960 1158 T
979 1131 992 1158 1
1014 1130 1095 1159 AN
1118 1129 1146 1158 o
1171 1110 1321 1175 scripta
1341 1110 1436 1159 sunt
1469 1131 1491 1159 a
1530 1130 1554 1160 F
1574 1131 1604 1159 R
1622 1131 1702 1160 AN
1720 1130 1761 1160 c.
1802 1130 1827 1160 F
1847 1131 1872 1159 1.
1894 1131 1944 1161 o-

387 1196 418 1226 R
432 1197 446 1225 ι
466 1196 493 1225 n
513 1198 541 1227 o
606 1197 625 1225 s
647 1197 680 1226 A
698 1198 720 1227 B
740 1200 754 1227 1
772 1199 805 1227 N
826 1198 854 1227 o
903 1179 994 1227 Lib.
1008 1183 1040 1227 I.
1064 1181 1176 1228 Lea.
1190 1179 1350 1242 Subczs
1369 1185 1469 1247 Cap.
1474 1197 1519 1239 5.
1533 1186 1777 1247 p,nz.'1038:
1799 1184 1944 1243 Qan-

381 1263 515 1312 quam
537 1261 682 1313 pauca
710 1254 757 1293 in
788 1249 934 1294 literis
963 1254 1267 1305 inveniantur,
1288 1266 1378 1313 qua
1409 1250 1532 1295 illum
1563 1249 1770 1314 ignoraffi
1799 1249 1945 1306 dicat,

381 1326 514 1360 tanta
555 1327 699 1361 tamen
730 1314 884 1380 ubique
920 1315 1119 1375 modestia
1148 1321 1309 1372 utitur,
1321 1329 1372 1361 ut
1403 1334 1483 1362 non
1514 1329 1669 1362 temere
1703 1317 1945 1382 quidquam

370 1382 574 1447 proferre
615 1383 777 1430 audeat
794 1421 807 1439 ,
851 1389 1004 1448 quippe
1056 1389 1136 1447 qui
1175 1400 1307 1448 neque
1345 1384 1532 1444 molestus
1561 1383 1756 1444 sitorum⁸
1777 1398 1946 1447 operum

383 1449 522 1513 (quod
535 1450 735 1514 plerique
751 1451 884 1512 fiioli
918 1456 1057 1515 inepti
1072 1452 1290 1511 faciuntj
1316 1450 1563 1495 admirator
1586 1450 1818 1508 exstiterit,
1861 1449 1913 1498 εἴ
1925 1485 1941 1505 ,

379 1516 737 1580 quemadmodum
769 1517 821 1562 de
851 1517 956 1562 aliis
962 1518 1221 1581 frequenter
1242 1521 1568 1582 pronuntiavit,
1589 1523 1657 1560 ita
1681 1520 1942 1561 Criticorum

382 1582 603 1645 censuram
628 1582 780 1646 subire
799 1601 880 1630 non
899 1583 1112 1646 recusarit
1131 1601 1146 1629 .-
1170 1584 1318 1644 judex
1339 1599 1419 1628 non
1439 1588 1582 1627 minus
1592 1584 1798 1640 stneerus,
1811 1598 1944 1646 quam

381 1650 595 1707 eruditus,
617 1652 669 1700 δ’
689 1669 717 1696 a
739 1669 820 1716 quo
859 1668 941 1697 non
970 1649 1151 1695 libenter
1178 1650 1445 1710 diffentirem
1467 1685 1480 1705 ,
1515 1650 1598 1708 nist
1610 1647 1699 1710 fica
1732 1648 1819 1714 ipfi‘
1849 1661 1945 1695 tum

379 1716 553 1765 demum
584 1717 811 1778 admzſjicm
839 1723 903 1763 iri
926 1717 1154 1782 speraſjet,
1175 1734 1270 1762 cum
1303 1733 1384 1762 non
1414 1716 1510 1762 alia
1543 1717 1630 1760 illis
1661 1715 1944 1778 adversantes

380 1790 573 1830 rationes
604 1790 652 1830 in
682 1785 872 1831 medium
897 1784 1061 1830 adduci
1094 1785 1300 1829 valerent.
1336 1786 1395 1828 At
1414 1781 1601 1829 multum
1621 1782 1671 1827 ab
1698 1784 1764 1828 his
1788 1782 1941 1830 discre-

373 1861 609 1914 pant‚quae
630 1868 784 1914 parum
813 1853 951 1896 amice
983 1848 1037 1896 de
1076 1867 1098 1895 Ρ
1119 1867 1265 1897 0L1‘r
1283 1868 1296 1896 1
1316 1866 1399 1896 AN
1419 1866 1447 1896 o
1508 1867 1525 1914 J
1546 1865 1575 1894 U
1599 1866 1624 1894 L
1646 1885 1655 1894 .
1691 1867 1813 1897 cffls.
1852 1867 1942 1899 CA-

378 1933 403 1963 ι·
422 1936 452 1964 A
472 1934 497 1965 c
517 1935 531 1962 1
552 1936 581 1963 u
602 1935 622 1963 s
666 1920 710 1962 in
735 1919 845 1981 Elog.
881 1917 1026 1977 illustr.
1052 1922 1138 1963 vir.
1159 1931 1206 1982 p.
1220 1933 1299 1977 350
1321 1934 1337 1962 .·
1403 1919 1646 1963 Severitate
1667 1954 1679 1973 ‚
1702 1935 1760 1963 an
1789 1919 1939 1976 livore,

373 1985 541 2030 alienas
565 1983 826 2049 seriptiones
850 1983 1097 2047 castigabat.
1185 1985 1374 2043 Dzstorto
1415 1983 1468 2033 Εἴ
1500 1989 1684 2030 immani
1712 1989 1807 2045 ejus
1839 1985 1940 2048 naso

374 2050 428 2096 id
462 2050 666 2108 detulere,
679 2057 928 2116 ingenioque
952 2056 1116 2116 iniquo,
1135 2051 1356 2096 interdum
1368 2050 1542 2112 judicio
1569 2051 1832 2110 exacerbato,
1845 2069 1941 2100 cum
1996 2080 2002 2082 *⁷

374 2135 448 2163 nec
478 2136 712 2183 ungue,nec
736 2118 935 2181 obeliscis,
972 2131 1125 2164 errata
1156 2131 1344 2173 notaret,
1369 2117 1456 2180 sea'
1471 2119 1604 2184 plane
1626 2119 1773 2181 veifiaes
1803 2119 1939 2167 libera

373 2191 583 2231 veritatis
602 2188 755 2248 fronte
791 2188 862 2240 (ut
900 2186 987 2251 ipſs
1016 2183 1222 2249 dicebatj
1244 2185 1507 2247 confoderet,
1537 2185 1605 2242 δ”,
1627 2188 1768 2232 Momi
1793 2187 1939 2253 perso-

371 2268 475 2299 nam
497 2253 678 2299 induem
694 2291 706 2311 ,
725 2254 982 2315 sandalium
1007 2257 1183 2299 Veneris
1207 2254 1383 2300 tandem
1405 2255 1609 2319 culparet,
1623 2271 1715 2300 cum
1738 2257 1938 2302 Venerem

369 2336 452 2368 non
476 2320 620 2386 poffct.
652 2320 937 2386 Iniquiffimus
966 2324 1111 2374 etiam,
1131 2322 1455 2368 necimmerito
1489 2321 1559 2367 hie
1593 2321 1717 2367 nobis
1747 2325 1938 2384 rejicien-

369 2385 461 2442 dus,
495 2385 623 2449 judex
656 2406 679 2435 ι’
696 2407 729 2436 A
748 2406 777 2434 u
801 2407 825 2435 L
846 2406 875 2435 u
900 2407 920 2436 s
973 2408 990 2454 J
1011 2406 1038 2436 o
1058 2406 1090 2436 v
1109 2406 1124 2435 1
1143 2407 1172 2436 υ
1191 2408 1210 2437 s
1227 2427 1240 2446 ‚
1267 2391 1355 2454 qui,
1379 2400 1426 2434 ut
1460 2391 1648 2434 nimium
1677 2388 1832 2454 ubique
1863 2387 1935 2435 ad-

368 2453 535 2501 dicstum
561 2453 602 2502 se
623 2455 804 2502 ostendit
827 2455 1069 2503 adversariis
1110 2474 1133 2502 P
1156 2474 1184 2504 o
1208 2475 1232 2503 L
1255 2474 1271 2502 1
1294 2472 1326 2502 T
1345 2475 1359 2504 1
1378 2475 1410 2504 A
1427 2474 1459 2503 N
1479 2475 1516 2511 1,
1530 2459 1586 2502 ita
1605 2473 1685 2502 nec
1706 2459 1751 2503 in
1771 2473 1823 2502 eo
1842 2473 1934 2502 ma-

364 2521 537 2586 lignum
560 2526 754 2570 animum
774 2521 1162 2586 diffi1nulat,quod‚
1180 2530 1346 2589 ingenio
1366 2520 1488 2571 fuiffe
1515 2542 1536 2570 P
1550 2541 1577 2571 o
1595 2542 1620 2570 L
1639 2542 1653 2570 1
1674 2539 1734 2570 ’.τι
1750 2540 1821 2570 ΑΝ
1841 2541 1871 2568 u
1889 2540 1928 2571 Μ

366 2591 514 2648 astuto,
532 2593 736 2649 aculeato,
751 2594 988 2657 occulteque
1009 2591 1255 2646 livid0‚cum
1279 2594 1423 2638 aliena
1443 2592 1614 2657 semper
1632 2590 1933 2646 irrideretflec

356 2656 456 2717 fica,
479 2660 548 2703 vol
573 2677 652 2705 non
683 2665 831 2725 iniquo
843 2659 1041 2720 judicio,
1066 2666 1250 2726 expungi
1262 2672 1511 2726 pateretur,
1523 2657 1717 2722 perhibet
1744 2658 1789 2702 in
1816 2660 1931 2724 Elog.

367 2725 466 2790 Cap.
480 2727 700 2779 XXXVIII.
735 2743 783 2795 p.
796 2745 850 2776 m.
874 2739 935 2791 83.
982 2728 1115 2791 Cujus
1144 2744 1229 2794 pro
1262 2742 1393 2791 more
1414 2722 1509 2794 ‘suo‘
1529 2721 1840 2789 ineptiffimum
1862 2728 1930 2771 in·

1842 2803 1926 2841 ter·
