2064 3115
264 203 354 250 440
474 227 477 231 -
761 192 1166 239 HISTORIA
1232 199 1445 240 VITA?

375 338 548 379 uocant,
572 325 718 373 elicere
741 331 857 390 citra
887 328 1107 374 lcc'Yionem
1130 331 1389 394 Scriptum,
1419 339 1497 373 aut
1533 332 1811 388 cognitionem
1849 334 1938 389 ejus

373 392 447 439 vel
453 391 665 451 studium,
691 410 785 440 cum
807 394 858 444 Εἴ
880 398 993 442 alias
1018 401 1194 461 optimos
1224 401 1359 442 etiam
1385 395 1499 459 apud
1517 393 1762 451 Pontificios
1783 396 1933 443 orato-

356 475 446 507 res
469 460 760 519 Ecclesiasticos
788 479 942 509 rarum
975 463 1121 528 oppido
1132 466 1217 524 stt,
1243 466 1542 528 Scripturam‚
1560 463 1673 522 ficut
1699 463 1937 517 Protellan-

377 538 444 573 tes
466 528 583 592 apud
610 528 735 576 verbi
755 531 842 576 Dei
863 532 1080 590 mimstros
1090 530 1199 588 fieri
1220 543 1360 586 aman
1382 546 1404 576 c
1434 533 1661 595 Scriptura
1683 542 1768 593 per
1785 531 1936 594 paral·

376 594 488 647 lela,
512 607 562 640 ut
587 610 755 655 vocant,
777 598 866 643 loca
888 601 1104 664 explicare
1132 610 1264 664 atque
1284 596 1536 664 expendere.
1605 597 1711 642 Non
1740 592 1835 641 sane
1867 593 1939 641 ille

377 660 500 706 nobis
525 659 690 708 videtur
726 680 751 710 c
770 681 797 710 R
813 682 838 711 E
859 683 892 711 N
907 681 962 711 1u
978 683 997 712 s
1014 699 1027 718 ,
1051 667 1125 730 qui
1145 682 1222 710 nos
1240 662 1390 711 doceat
1411 661 1628 728 pugnandi
1651 677 1787 710 artem
1802 681 1816 720 ς
1831 660 1937 708 adeo

376 728 559 792 puerilia
588 727 696 783 sunt,
718 749 812 796 quae
834 728 904 777 hic
926 731 1047 778 nobis
1079 730 1283 786 venditat,
1307 737 1350 778 ὅς
1387 735 1455 777 vix
1500 730 1627 796 digna
1667 728 1938 790 responsione

377 794 478 844 uHa.
560 799 706 862 Itaque
741 807 974 846 concionem
1013 816 1102 844 non
1132 798 1208 844 nifi
1249 816 1380 844 unam
1418 813 1497 845 aut
1527 801 1714 846 alteram
1744 796 1940 845 habitam

377 862 429 908 ab
464 880 518 909 eo
543 861 660 918 dicit,
680 882 810 929 quem
835 869 879 911 in
901 864 991 928 ipso
1015 864 1292 911 constitutum
1315 864 1580 918 sacerdotio,
1605 870 1649 911 ὅ(
1674 864 1797 911 ob.id
1827 861 1940 929 quasi

377 929 598 994 alligatum
628 929 750 977 sacrae
787 931 1022 987 cathedrae,
1055 931 1084 977 fi
1117 949 1142 979 c
1163 949 1192 978 R
1210 950 1233 979 E
1254 951 1284 978 N
1304 949 1357 978 1u
1376 949 1394 978 s
1428 930 1570 977 forsan
1594 934 1832 994 ignoravit,
1862 947 1939 977 nos

378 997 456 1060 ipsi
481 1009 599 1042 certo
621 1001 820 1044 novimus
842 1003 856 1045 ?
925 999 976 1044 ab
1009 1016 1079 1052 eo,
1099 1002 1291 1063 inquam,
1322 1017 1452 1063 quem
1476 998 1802 1063 quadragefimae
1830 1011 1940 1044 tem·

375 1079 485 1127 pore
507 1067 562 1111 ita
586 1077 844 1128 occupatum
872 1063 986 1113 sacer
1007 1066 1082 1113 iste
1103 1065 1224 1113 labor
1246 1067 1442 1121 habebat,
1463 1080 1508 1112 ut
1531 1070 1600 1112 vix
1633 1070 1843 1130 temporis
1866 1065 1938 1111 ali-

376 1128 479 1194 quid
513 1129 565 1176 ad
597 1130 773 1196 legenda
807 1151 837 1180 G
858 1151 885 1180 o
905 1153 935 1182 T
954 1153 984 1182 Τ
1003 1154 1017 1181 1
1036 1153 1052 1181 1
1093 1136 1299 1180 Carmina
1325 1135 1540 1199 reliquum
1571 1135 1792 1180 habuerit?
1810 1135 1938 1179 Con-

376 1200 547 1243 temtim
569 1195 663 1245 satis
698 1217 722 1246 c
742 1219 770 1247 R
790 1217 814 1246 E
836 1220 866 1248 N
885 1220 899 1247 1
919 1220 946 1248 u
961 1220 981 1248 s
1007 1237 1022 1256 ,
1054 1199 1124 1249 sed
1147 1220 1225 1248 nec
1255 1201 1372 1249 idem
1401 1219 1501 1248 vere
1533 1200 1637 1251 satis,
1717 1203 1802 1248 Cui
1836 1204 1946 1247 vero'

375 1281 532 1310 eorum
556 1269 776 1322 omnium,
810 1273 885 1334 qui
914 1268 1099 1315 fabulam
1135 1269 1254 1317 illam
1299 1289 1336 1317 M
1353 1288 1376 1317 E
1395 1289 1418 1316 L
1437 1287 1469 1316 A
1488 1287 1517 1316 N
1536 1288 1561 1317 c
1582 1287 1612 1316 H
1635 1287 1666 1316 T
1686 1287 1717 1315 H
1735 1287 1762 1316 o
1779 1287 1811 1316 N
1831 1287 1845 1314 1
1868 1286 1901 1316 A
1917 1294 1939 1306 -

378 1349 512 1380 NAM
545 1335 870 1398 impugnarunt,
895 1354 1083 1401 unquam
1111 1340 1153 1383 in
1188 1351 1381 1384 mentem
1417 1341 1559 1392 venit,
1591 1335 1803 1384 sacrarum
1843 1353 1940 1383 ora-

373 1401 545 1446 tionum
559 1437 572 1457 ,
594 1418 686 1466 quae
720 1399 814 1449 suut
842 1421 863 1449 a
902 1422 925 1450 1³
943 1422 973 1452 0
989 1424 1013 1451 L
1031 1425 1044 1452 1
1064 1422 1096 1451 T
1113 1423 1127 1450 1
1146 1423 1263 1452 ANo
1304 1408 1486 1452 recitatae
1519 1405 1712 1468 publice,
1747 1404 1938 1450 testimo-

351 1469 449 1513 ‘nio
483 1466 534 1513 ad
565 1467 607 1514 id
632 1473 708 1524 uti,
725 1484 770 1516 ut
796 1472 1055 1535 hinc,quam
1077 1490 1223 1517 amans
1247 1472 1320 1518 isse
1351 1472 1470 1518 verbi
1490 1470 1622 1518 divini
1651 1471 1795 1524 fuerit,
1808 1468 1936 1515 disca·

371 1550 470 1580 mus
494 1539 509 1581 Ξ
580 1534 630 1582 Id
665 1554 800 1584 unum
823 1536 919 1584 satis
938 1537 986 1584 fit
1006 1538 1132 1584 nobis
1153 1537 1336 1592 discere,
1359 1538 1487 1584 ledtas
1519 1539 1570 1584 ab
1594 1557 1651 1585 eo
1681 1536 1812 1583 sacras
1847 1536 1936 1582 lite-

370 1605 508 1658 ras‚&
531 1602 624 1666 plus
643 1621 773 1668 quam
802 1602 931 1651 semel
953 1605 1106 1663 ledi-³83
1141 1605 1257 1670 quod
1280 1603 1419 1670 ipsum
1450 1604 1479 1650 fi
1502 1606 1842 1668 impetravimus,
1854 1608 1941 1664 jam

371 1668 507 1714 valeat
552 1687 589 1716 M
606 1688 630 1717 B
652 1688 675 1715 L
697 1689 730 1717 A
749 1689 780 1718 N
798 1688 824 1719 c
843 1690 874 1718 Η
893 1691 925 1719 Τ
942 1691 972 1719 Η
989 1691 1017 1720 o
1036 1690 1069 1718 Ν
1114 1689 1215 1718 cum
1248 1671 1388 1719 inutili
1418 1669 1487 1718 sua
1513 1670 1752 1725 historiola,
1775 1675 1940 1735 &,quae

370 1733 444 1782 diu
478 1738 604 1782 nimis
639 1741 852 1803 imperitae
889 1739 1022 1803 plebis
1042 1734 1310 1787 sermonibus
1331 1739 1479 1801 jafi-ata
1504 1739 1578 1797 est,
1592 1744 1677 1800 jam
1699 1736 1750 1785 de
1772 1740 1940 1785 Atheis-

370 1819 448 1848 mo
475 1821 500 1849 Ρ
520 1821 548 1849 o
567 1822 591 1850 L
609 1823 624 1850 1
650 1823 681 1850 T
703 1824 717 1851 1
739 1825 770 1854 Α
786 1825 817 1853 Ν
835 1826 849 1853 1
883 1805 1020 1870 tepida
1045 1805 1195 1854 fabella
1217 1808 1367 1854 valeat.
1436 1809 1578 1855 Nimis
1613 1819 1815 1869 praeterea
1839 1806 1941 1851 abu-

370 1872 474 1915 titur
497 1873 676 1934 ingenio
697 1869 774 1919 suo
808 1890 1058 1928 CRENms,
1081 1877 1265 1929 cum,ita
1290 1873 1384 1920 fieri
1411 1870 1591 1937 potuisse
1614 1872 1843 1927 facillime,
1866 1872 1939 1919 fibi

368 1933 607 1999 persuadet,
619 1950 667 1983 ut
686 1939 839 2004 absque
851 1943 1232 2004 ScripturaeSacrae
1255 1941 1442 1988 lediione
1468 1940 1709 1987 feliciffnne
1732 1938 1940 2005 defunge-

368 2015 489 2050 retur
511 2005 708 2051 Oratoris
728 2004 832 2052 sacri
854 2024 1036 2054 munere
1060 2026 1119 2055 Po
1134 2026 1416 2056 Lx'riANUs.
1435 2007 1736 2073 Videat,quam
1758 2005 1802 2053 id
1825 2008 1942 2055 redie

369 2069 482 2117 dicat
505 2071 556 2118 de
581 2089 634 2118 eo
658 2076 768 2128 viro,
783 2077 856 2140 qui
880 2091 1117 2123 enarratas
1138 2093 1161 2122 a
1188 2074 1228 2122 se
1248 2079 1409 2140 sacras
1432 2079 1590 2124 lita-ras
1618 2074 1777 2122 disertis
1802 2076 1940 2123 verbis

368 2136 524 2185 scribit.
558 2137 742 2189 Adeone
774 2140 904 2188 sacras
927 2142 1069 2191 literas
1097 2149 1308 2191 enarravit
1331 2143 1506 2198 Noster,
1524 2161 1602 2191 nec
1625 2147 1699 2191 has
1720 2156 1864 2190 tamen
1883 2143 1941 2191 Ie·

368 2209 431 2270 git
463 2224 652 2271 unquam
676 2213 692 2255 ?
761 2211 869 2276 Qtae
889 2211 1133 2272 eonjetstura
1155 2211 1323 2266 ilfa,cui
1357 2210 1576 2258 manifesta
1601 2213 1846 2259 testimonia
1875 2229 1942 2259 re-

367 2287 561 2338 pugnant
582 2278 599 2321 ?
666 2278 820 2332 Porro,
834 2296 885 2325 ne
907 2277 1085 2334 dubites,
1111 2297 1211 2334 eum
1242 2278 1366 2327 filisse
1403 2298 1427 2326 r
1445 2298 1472 2327 0
1491 2299 1514 2327 L
1535 2299 1549 2325 1
1571 2299 1601 2328 T
1616 2298 1632 2327 1
1648 2299 1676 2329 A
1695 2296 1726 2328 N
1744 2298 1773 2326 U
1790 2299 1846 2334 M,
1867 2283 1940 2346 qui

366 2341 704 2405 praeclariflimas
744 2363 933 2411 quasque
963 2349 1166 2407 virtutes,
1190 2351 1437 2413 ingeniique
1473 2349 1595 2396 dotes
1627 2369 1805 2405 omnes,
1837 2370 1937 2400 con·

367 2409 529 2470 junctas
553 2413 598 2456 in
625 2413 813 2460 Oratore
833 2412 955 2462 sacro
975 2415 1185 2471 voluerit,
1222 2416 1318 2482 Iege
1350 2416 1586 2480 Epistolam
1611 2424 1697 2480 ejus
1720 2419 1773 2467 ad
1801 2438 1832 2467 Τ
1853 2439 1881 2468 R
1899 2438 1936 2466 1-

374 2494 396 2523 3
418 2494 452 2524 'r
471 2497 500 2526 A
518 2495 551 2525 Ν
569 2496 599 2524 u
619 2496 656 2525 M
723 2497 747 2529 c
768 2499 800 2527 Η
820 2499 849 2529 A
870 2500 894 2527 L
915 2501 940 2530 c
960 2501 989 2528 u
1010 2502 1047 2530 M
1068 2518 1083 2537 ,
1132 2485 1226 2533 Lib.
1250 2489 1321 2536 JV.
1354 2489 1424 2550 Ep.
1447 2487 1503 2541 6‘,
1541 2486 1713 2550 plenam
1758 2488 1935 2536 laudum

368 2562 674 2593 MAR1AN1
738 2566 1251 2599 GENAZANENS¹S
1275 2590 1289 2609 ‚
1317 2554 1474 2615 sacras
1509 2556 1573 2602 ad
1598 2559 1799 2622 populum
1843 2575 1934 2605 con-

367 2618 506 2659 ciones
536 2614 756 2670 habentis,
791 2622 908 2678 cujus
934 2618 1058 2664 verba
1081 2618 1227 2674 elect-a,
1250 2621 1433 2685 grandes
1454 2617 1679 2677 sententiae,
1705 2640 1934 2685 argumen-

367 2690 517 2726 torum
551 2699 696 2741 nexus,
726 2681 911 2750 spirituS,
932 2689 1155 2751 viresque,
1179 2689 1380 2735 o'm'nibus
1410 2688 1548 2736 modis
1576 2681 1937 2759 vehementerque

369 2750 744 2803 commendantur.
813 2755 1013 2821 Denique
1035 2758 1130 2822 quis
1156 2758 1328 2823 iniquus
1349 2759 1423 2812 ita,
1453 2760 1527 2821 qui
1563 2759 1819 2818 eonjedluris
1843 2765 1936 2811 vim

1800 2827 1931 2878 inesse
