1960 3135
249 250 587 292 VANGELI
652 249 1071 291 AMBROGINI
1143 247 1538 291 ΡοιιτῐΑΝι.
1662 235 1753 292 607

195 368 404 416 Theodori
411 367 608 427 fideliter
630 365 930 429 &diligenter
951 365 1232 427 auscultavit,
1255 368 1528 430 &formulis
1552 375 1748 436 imprimi

189 442 368 484 curavit
378 454 396 491 ;
415 451 493 499 per
504 437 718 499 Joanncm
733 434 785 479 dc
799 434 987 486 Colonia,
994 433 1241 500 sbciumque
1266 439 1375 496 ejus,
1387 439 1601 500 ‘Joannem
1616 441 1746 485 Man·

187 505 290 553 thca
313 504 365 551 de
386 504 665 550 Gherretzcn.
715 500 865 547 Altum
895 502 966 546 hic
997 498 1051 547 de
1088 519 1111 547 P
1130 520 1158 549 o
1177 521 1199 549 L
1220 521 1235 548 1
1255 521 1286 550 'r
1301 521 1316 549 1
1333 522 1366 551 A
1385 523 1417 551 N
1438 521 1467 551 o
1504 503 1715 552 silentium
1728 525 1743 564 ;

187 589 278 638 quo
309 570 382 628 fit,
415 582 462 615 ut
495 568 545 614 ab
569 586 719 616 errore
749 565 824 615 ⁴vix
854 566 936 615 dici
964 571 1172 616 immunis
1196 569 1322 636 posfit
1355 588 1379 617 n
1399 590 1423 619 ε
1445 589 1474 619 R
1492 591 1521 620 G
1542 589 1570 619 ο
1588 591 1625 620 Μ
1643 591 1667 621 Ε
1690 592 1745 621 Ν-

189 656 212 687 s
230 659 245 687 1
263 656 282 686 s
300 692 302 694 v
319 636 402 685 ille.
473 635 631 684 Forsan
652 654 770 702 aeque
788 649 1090 701 comparatum
1111 654 1212 685 cum
1247 643 1580 688 Commentariis
1609 648 1658 688 in
1687 645 1744 689 A-

186 707 410 766 ristotelem
420 722 439 761 ;
474 716 603 757 certe,
628 721 805 768 quoquo
826 716 866 748 te
890 717 1026 749 vertas
1055 708 1101 750 in
1132 724 1153 751 P
1172 723 1200 753 o
1219 725 1242 752 L
1263 725 1276 752 1
1302 724 1335 753 T
1356 726 1371 754 1
1392 727 1423 756 A
1443 727 1476 755 N
1497 728 1512 756 1
1536 708 1620 755 ssve
1651 713 1742 756 Mi-

174 773 418 838 ftellaneis,
445 771 526 819 five
545 769 706 834 scriptis
730 769 919 835 reliquis,
942 787 1152 836 nusquam
1174 776 1512 822 Annotationum
1534 782 1583 822 in
1607 779 1740 839 Histo-

182 846 300 887 riam
321 842 582 887 animalium
603 836 835 903 quidquam
857 837 982 903 legas.
1054 841 1097 885 Si
1115 838 1219 903 quid
1241 851 1384 887 tamen
1405 842 1535 888 exstet
1558 850 1644 904 ejus
1667 859 1742 907 ge-

181 911 296 954 neris
319 906 596 972 scriptorum,
620 907 787 973 (neque
810 909 928 953 enim
957 905 1000 951 id
1030 903 1248 953 affirmare
1277 920 1424 966 certo,
1455 926 1534 956 nec
1568 928 1740 975 negare,

181 975 359 1038 aufi1n,)
391 992 523 1022 nemo
547 991 637 1021 non
658 974 881 1039 intelligit,
901 985 1061 1037 quanto
1093 992 1194 1021 cum
1227 974 1450 1024 literarum
1489 979 1740 1037 Graecarum

181 1042 361 1096 damno,
373 1041 714 1107 praestantissimo
738 1044 824 1089 hoc
845 1040 1074 1105 superioris
1092 1046 1169 1088 aevi
1189 1056 1479 1092 monumento
1506 1064 1737 1096 careamus.

63 1108 92 1166 (⁴
105 1107 160 1168 l)
197 1111 265 1157 De
298 1115 505 1158 Oratione
542 1110 685 1170 Ulpffls
716 1109 779 1158 ad
808 1110 1039 1165 Achillem,
1070 1127 1160 1157 nou
1195 1109 1336 1167 effet,-
1351 1111 1469 1176 quod
1498 1118 1739 1163 memorari

177 1175 332 1243 posset,
367 1176 443 1224 nifi
473 1181 518 1224 iu
545 1174 712 1241 scriptis
758 1195 780 1224 P
801 1195 828 1225 o
848 1196 871 1224 L
890 1195 905 1223 1
931 1194 963 1223 '1'
981 1195 993 1223 ι
1010 1196 1040 1225 Α
1062 1197 1094 1225 Ν
1113 1198 1129 1226 1
1162 1184 1382 1226 numerari
1417 1198 1512 1228 eam
1545 1181 1739 1233 viderem

181 1263 281 1313 Jos
298 1264 311 1292 1
330 1265 367 1294 Β
417 1264 435 1293 s
455 1263 468 1292 1
485 1264 521 1293 M
543 1263 566 1291 L
587 1263 609 1292 E
630 1263 658 1292 n
679 1263 708 1293 o
734 1248 779 1291 in
802 1246 1096 1306 Acceffionibus
1116 1247 1179 1294 ad
1194 1249 1394 1297 Biblt'oth.
1423 1249 1599 1309 Gefizeri
1613 1266 1654 1317 p.
1681 1270 1737 1303 m.

170 1331 240 1374 52.
277 1314 358 1361 Sed
383 1317 415 1360 is
439 1312 591 1379 opellae
624 1315 747 1374 hujus
778 1330 867 1360 nou
906 1312 984 1358 nisi
1017 1330 1180 1361 nomeu
1209 1316 1333 1362 nobis
1363 1315 1544 1374 indicat,
1575 1336 1656 1367 nec
1687 1318 1737 1368 si-

137 1414 140 1415 ν
175 1382 295 1437 mul,
317 1380 429 1429 unde
451 1380 633 1444 ejus'fibi
659 1383 975 1447 comparaverit
998 1385 1196 1429 notitiam
1211 1419 1224 1438 ‚
1247 1383 1470 1444 Italicam,
1497 1404 1550 1433 an
1571 1389 1735 1443 Latina,

172 1448 324 1514 prosa,
347 1468 400 1496 an
420 1447 556 1504 vorsa,
580 1452 777 1496 oratioue
801 1449 848 1495 fit
868 1449 1121 1513 composita,
1145 1468 1224 1498 nos
1254 1450 1393 1502 docet.
1439 1457 1479 1501 A
1500 1455 1622 1502 nobis
1646 1459 1735 1520 igi-

171 1528 256 1575 tur,
281 1517 435 1574 nolim,
458 1516 580 1580 plura
605 1517 815 1580 expedies⁴
851 1518 946 1563 Nec
979 1518 1235 1583 conjestuhris
1256 1521 1326 1566 hic
1355 1520 1491 1576 locus,
1513 1535 1665 1587 utpote
1687 1526 1734 1570 in

170 1598 326 1632 re‘tam
349 1602 479 1650 vaga,
502 1583 574 1630 ubi
597 1581 878 1630 divinandum
895 1587 1032 1650 magis
1056 1584 1118 1640 fit,
1141 1603 1271 1651 quam
1294 1589 1634 1648 conjectandum.
1663 1594 1733 1639 Ex

178 1669 422 1700 mmm-:Ro
455 1650 498 1698 id
523 1655 665 1716 operis
686 1650 915 1717 proferunt
949 1671 1016 1700 AN
1028 1671 1077 1702 T.
1115 1671 1392 1704 'missuum
1407 1675 1425 1704 s
1465 1660 1509 1704 in
1526 1662 1636 1724 Elog.
1658 1659 1733 1707 des

123 1720 465 1784 -hommessav,
497 1725 544 1769 T.
569 1724 657 1786 Lp.
683 1725 761 1773 168,
785 1722 834 1770 {5
868 1729 1047 1768 BERN.
1092 1739 1152 1769 DE
1193 1740 1269 1771 LA
1322 1742 1645 1774 MONNOYE
1686 1730 1732 1775 in

143 1841 146 1843 Α
170 1789 403 1837 Memoires
426 1790 477 1837 de
499 1792 686 1836 Litcrat.
715 1793 761 1835 T.
785 1790 816 1833 I.
827 1802 874 1853 p.
887 1805 974 1846 250,
1011 1786 1081 1835 sed
1100 1792 1173 1855 qui
1194 1789 1246 1838 de
1267 1795 1353 1852 ejus
1371 1792 1518 1841 indole
1541 1808 1612 1841 aut
1632 1812 1730 1860 pre-

167 1860 230 1904 tio
253 1874 305 1903 ne
325 1856 506 1903 verbum
526 1853 702 1921 quidem
725 1853 893 1904 addunt.
908 1859 963 1902 Et
978 1873 1133 1915 eorum
1157 1858 1402 1922 postremus
1415 1860 1608 1926 quidem,
1624 1880 1729 1912 cum

166 1928 371 1970 Orationi
392 1923 650 1970 huiclocum
664 1921 852 1969 dandum
873 1927 918 1970 in
938 1923 1106 1980 nova,si
1122 1942 1203 1988 qua
1225 1943 1405 1990 usquam
1427 1928 1649 1991 proditura
1661 1929 1728 1985 fit,

165 1994 346 2056 Operum
371 2008 647 2038 vorm-mm
679 1990 951 2036 Collefiione
972 1989 1163 2045 suadeat,
1189 1993 1387 2055 praeclare
1406 1994 1492 2042 fine
1511 1994 1643 2046 dubio
1664 1996 1726 2046 fe-

165 2055 297 2113 ciffet,
309 2057 354 2113 fi,
367 2056 478 2104 unde
490 2059 574 2104 hoc
586 2060 671 2122 peti
686 2055 951 2121 possit‚ssmul
962 2054 1176 2105 indieaffet
1188 2058 1356 2107 Editori
1369 2064 1549 2128 Operum
1561 2063 1723 2114 futuro.

53 2131 158 2190 (m)
195 2129 414 2192 Scriptum
439 2123 520 2173 esse
541 2127 626 2172 hoc
645 2126 836 2172 Carmen
856 2143 879 2171 a
917 2143 941 2172 Ρ
958 2143 986 2173 o
1007 2143 1031 2172 L
1054 2144 1068 2171 1
1092 2142 1123 2173 'r
1142 2145 1158 2173 1
1178 2146 1207 2175 A
1227 2146 1259 2175 N
1277 2146 1306 2175 o
1324 2165 1337 2184 ,
1359 2134 1512 2186 certius
1528 2133 1723 2190 -constar,

166 2213 297 2260 quam
321 2193 425 2260 quid
451 2193 523 2240 fati
545 2207 773 2257 expertum
801 2191 874 2272 fit?
888 2211 1042 2258 quasve
1072 2197 1117 2241 in
1138 2207 1269 2248 terras
1299 2201 1564 2263 migraverit,
1636 2202 1720 2249 Re-

166 2266 308 2311 citavit
328 2262 372 2310 id
394 2262 500 2309 olim
526 2262 685 2308 Noster
707 2279 820 2308 anno
843 2265 1010 2309 circiter
1033 2271 1134 2320 1483
1154 2281 1303 2311 coram
1328 2284 1358 2313 Η
1376 2284 1391 2312 1
1413 2284 1439 2314 Ε
1457 2286 1485 2315 R
1501 2287 1528 2316 ο
1549 2287 1597 2319 N.
1632 2288 1720 2320 no-

168 2348 349 2380 NATo
403 2335 448 2379 ὅ(
498 2347 855 2378 HERMOLAO
916 2339 1134 2379 BARBA
1157 2349 1258 2388 Ro,
1295 2332 1602 2383 admirantibus
1633 2337 1717 2385 ele-

162 2403 353 2466 gantiam
379 2403 424 2446 &
447 2398 711 2446 venustatem
735 2400 965 2447 Carminis,
1032 2401 1134 2461 Ejus
1155 2403 1217 2447 rei
1239 2401 1488 2450 certissimus
1509 2405 1622 2452 tessis
1654 2406 1716 2454 est

161 2466 249 2534 ipse
296 2486 369 2516 οὊ
388 2486 468 2514 NA
487 2487 518 2515 τ
537 2484 566 2513 υ
587 2470 692 2514 sin
722 2468 899 2534 Epistola
931 2465 987 2513 ‘ad
1025 2486 1364 2530 ANGELUM‚
1408 2470 1502 2522 Lib.
1529 2478 1583 2521 II.
1615 2478 1713 2541 Epp.

162 2555 185 2584 ι’
206 2555 233 2585 o
255 2554 298 2583 L.
323 2540 391 2603 Ep.
422 2554 478 2583 Il:
514 2537 756 2596 Meminiffe
785 2550 829 2582 te
844 2534 1067 2603 suspicor,
1086 2538 1189 2596 fere
1222 2546 1336 2586 enim
1365 2548 1712 2609 quinquennium

158 2612 329 2669 agitur,
352 2601 529 2669 (scripta
551 2603 610 2650 est
632 2602 821 2668 Epistola
842 2606 895 2653 A.
917 2611 1071 2667 1488,)
1105 2623 1197 2652 cum
1218 2607 1336 2673 apud
1354 2627 1426 2655 nos
1450 2609 1711 2672 verfizbaris‚

156 2685 201 2720 te
214 2675 453 2729 Hermolao,
474 2691 523 2719 ac
555 2673 681 2726 mth,
702 2674 810 2720 tunc'
819 2678 1021 2738 parentis
1054 2679 1103 2723 {5
1126 2681 1284 2740 patrui
1313 2689 1449 2724 morte
1470 2677 1710 2745 sqMIlido,

142 2758 210 2801 *ac
222 2742 406 2806 pullam,
441 2745 623 2789 Carmen
651 2741 763 2787 illud
792 2759 971 2789 aureum
1003 2740 1056 2788 de
1082 2741 1305 2808 fhcrilega
1335 2762 1386 2792 ac
1404 2744 1709 2811 fiznguinaria
1770 2740 1775 2747 ’

149 2810 333 2871 Juliani
354 2810 460 2859 caede
480 2810 686 2870 recitaffi.
755 2812 820 2855 Ex
840 2828 922 2877 quo
942 2828 1168 2876 nunquam
1200 2811 1320 2875 apud
1338 2831 1403 2860 me
1434 2814 1709 2863 eruditorum

152 2875 371 2927 hominum
401 2885 559 2929 mentio
576 2878 711 2943 fab't'a
730 2878 811 2941 est,
833 2884 943 2945 quin
963 2880 1075 2929 mibi
1096 2896 1149 2928 ex
1173 2880 1363 2932 omnibus
1372 2887 1548 2951 primus
1569 2902 1709 2931 occur-

850 2947 948 2995 liii
977 2961 1003 2995 2
1576 2970 1710 3008 rerer,
