2064 3115
259 211 335 265 336
634 243 638 246 .
733 212 1132 255 HISTORIA
1209 213 1414 256 VITAE

260 293 1409 311 —ae———ffi—

363 367 499 397 mum
528 351 650 408 huJus
688 345 839 411 puellae
871 343 988 393 causa
1018 349 1099 393 iter
1131 350 1331 394 Venetias
1369 345 1587 414 suscepiffe
1633 368 1703 398 Po
1723 370 1822 401 Lm·
1841 371 1940 401 1A-
1980 346 1987 348 Δ

375 436 523 470 Num,
558 419 628 462 hic
665 418 850 480 eleganti
884 413 1037 464 habitu
1071 415 1123 465 Εἴ
1142 417 1400 484 politiffimis
1427 418 1572 466 verbis
1604 417 1857 467 humaniter
1887 420 1939 466 ab

372 486 442 532 illa
487 496 728 548 exceptum.

252 575 342 633 (m)
374 574 551 621 Sociam
592 587 616 618 c
638 587 961 620 AssANnnAE
994 588 1310 627 *ALExANn
1331 589 1360 620 R
1380 592 1465 622 AM
1503 577 1745 640 jungimus,
1780 590 1936 622 BAR-

375 658 454 689 'ru
475 657 581 686 oro
600 658 636 687 M
656 657 691 685 ,ε
711 658 726 685 ι
777 655 796 685 s
815 658 839 687 c
859 657 978 687 Αιε
1029 639 1192 694 filiam,
1222 658 1405 688 uxorem
1439 659 1547 691 uic
1567 662 1627 693 n.
1658 660 1936 696 MARuLm,

373 706 726 773 elegantissimam
765 707 1177 762 Poetrian1‚na&am
1210 726 1428 772 praecones
1450 710 1634 767 multos,
1656 727 1762 776 quos
1795 713 1939 758 nomi·

373 780 511 823 natim
547 773 705 822 indicat
743 795 757 841 J
779 792 807 821 u
832 793 855 820 L
878 813 886 823 .
924 793 956 822 N
974 794 998 822 E
1017 793 1046 822 G
1066 792 1095 821 R
1114 794 1130 821 1
1169 778 1213 820 in
1239 778 1354 835 Istor.
1371 778 1489 842 degli
1509 783 1644 831 δἐι-Ξῖ.
1666 782 1780 826 Fior.
1806 793 1855 845 p.
1878 795 1938 839 23.

372 846 470 890 Fuit
495 846 693 908 inprimis
718 843 861 888 multis
884 843 1157 888 Carminibus
1187 840 1402 889 decantata
1439 861 1475 890 M
1495 863 1507 890 1
1527 860 1551 891 c
1572 863 1626 893 H.
1665 863 1940 899 MARULLo,

372 910 498 976 ipfius
520 911 628 958 olim
651 908 830 975 sponso,
854 909 1000 974 possea
1036 911 1220 963 marito,
1241 914 1356 970 cujus
1390 913 1765 976 Engrammatum
1805 911 1940 961 libelli

371 981 489 1044 pleni
510 978 602 1025 sunt
630 976 807 1023 laudum
848 995 912 1024 AL
933 993 958 1023 ιε
976 995 1005 1023 x
1022 996 1053 1024 A
1069 995 1102 1024 N
1120 993 1147 1023 D
1169 994 1244 1024 RAE
1260 1013 1273 1031 ‚
1308 994 1439 1042 quam
1474 978 1630 1027 blando
1666 984 1822 1028 Neaerae
1857 998 1937 1029 no-

371 1051 491 1094 mine
524 1043 790 1111 potiffimum
820 1046 890 1091 hic
921 1044 1114 1091 celebrat.
1185 1047 1327 1106 Hujus
1368 1049 1414 1093 ὅ(
1443 1059 1612 1111 patrem
1647 1051 1694 1096 ἀ
1732 1050 1939 1097 maritum

374 1133 477 1162 cum
501 1114 656 1167 hostes,
679 1125 724 1159 ut
746 1130 851 1160 mox
875 1112 1068 1168 dicetur,
1089 1111 1386 1161 infenfiffimos
1407 1114 1581 1162 haberet
1618 1133 1642 1162 Ρ
1660 1133 1689 1164 o
1708 1133 1733 1162 L
1756 1133 1771 1162 1
1795 1132 1827 1162 ‘r
1848 1134 1865 1163 1
1884 1133 1940 1163 Λ-

373 1202 409 1230 Ν
424 1201 486 1228 us
515 1202 529 1239 ;
576 1182 677 1228 aluit
709 1195 852 1228 tamen
874 1179 960 1245 ipsa
984 1179 1098 1227 haud
1119 1181 1340 1245 vulgarem
1365 1200 1465 1229 cum
1498 1200 1551 1229 eo
1575 1180 1940 1239 amicitiam,t'an·

374 1262 554 1314 tumque
590 1266 719 1301 eum,
739 1262 945 1314 quantum
976 1249 1093 1295 licuit
1116 1266 1194 1313 per
1215 1248 1327 1313 leges
1357 1250 1603 1305 honestatis,
1640 1255 1811 1302 amavit.
1838 1254 1937 1301 Po-

374 1336 398 1365 L
419 1336 434 1365 1
458 1335 489 1365 Τ
509 1338 525 1364 1
543 1336 576 1365 A
591 1335 622 1365 N
641 1334 671 1365 u
694 1335 718 1364 sv
754 1333 875 1370 vero,
914 1315 986 1363 etfi
1013 1314 1292 1381 summopere
1317 1318 1448 1364 coluit
1470 1317 1711 1366 dodirinarn
1733 1324 1837 1381 ejus,
1849 1338 1940 1369 non

371 1390 514 1432 minus
539 1399 680 1431 tamen
703 1382 791 1449 ipsa
814 1389 900 1446 ejus
922 1384 1066 1432 forma
1101 1398 1240 1450 raptus
1275 1390 1319 1432 in
1352 1403 1549 1433 amorem
1585 1387 1762 1436 videtur.
1831 1389 1939 1434 Non

372 1452 552 1501 obscure
581 1453 622 1500 id
654 1450 881 1518 cognoscas
904 1470 956 1499 ex
982 1455 1138 1499 Graecis
1161 1458 1249 1512 ejus
1278 1451 1327 1497 ad
1368 1471 1433 1499 Ar.
1449 1470 1472 1497 ε
1491 1471 1518 1498 x
1536 1471 1568 1498 A
1587 1472 1617 1499 N
1636 1471 1663 1500 D
1680 1471 1793 1499 ΚΑΜ
1835 1457 1934 1500 Poe·

373 1531 513 1568 triam
543 1523 904 1585 Epigrammatis‚
928 1537 1020 1584 quae
1046 1519 1168 1582 plena
1186 1515 1278 1565 sunt
1299 1523 1458 1566 amoris
1479 1524 1718 1572 tenerrimi,
1745 1537 1822 1566 nec
1846 1537 1936 1566 non

371 1587 649 1654 suspiriorum
675 1624 689 1642 ,
711 1586 1071 1651 ardentiffimique
1090 1575 1299 1635 Hefiderii.
1348 1589 1528 1632 Horum
1551 1603 1739 1632 numero
1770 1584 1936 1648 septem

369 1656 575 1721 leguntur
598 1660 641 1701 in
669 1659 907 1701 Graecorum
947 1672 969 1700 Ρ
989 1671 1017 1701 o
1040 1671 1064 1699 L
1087 1670 1100 1696 1
1118 1673 1148 1701 Τ
1169 1671 1185 1698 1
1205 1670 1233 1699 Α
1253 1672 1284 1698 N
1307 1671 1321 1698 1
1361 1652 1733 1718 Epigrammatum
1764 1651 1940 1709 libello,

370 1728 415 1771 in
441 1724 589 1790 quibus
610 1723 777 1768 nullum
799 1721 885 1776 est,
908 1719 1023 1786 quod
1057 1738 1147 1766 non
1177 1719 1336 1785 polite,
1367 1720 1474 1766 terle
1497 1756 1510 1774 ,
1544 1724 1588 1766 ὅ(
1618 1731 1826 1774 amanter,
1840 1717 1940 1766 scri·

371 1806 496 1856 ptum
521 1791 582 1840 fit.
654 1793 748 1838 Nec
769 1789 996 1836 infeliciter
1022 1786 1193 1852 prorsus
1219 1791 1376 1834 amavit
1410 1807 1442 1834 A
1461 1806 1490 1834 Ν
1509 1805 1538 1835 G
1561 1805 1586 1833 Ε
1607 1806 1630 1834 L
1647 1806 1675 1834 u
1698 1805 1716 1834 s
1735 1823 1749 1841 ,
1783 1786 1814 1833 fi
1836 1786 1939 1852 quid

301 1916 307 1923 x
370 1856 569 1924 suspicari
591 1856 689 1905 licet
713 1875 766 1905 ex
785 1860 850 1905 his
886 1855 982 1922 ipfis
1017 1855 1306 1903 Carminibus,
1383 1855 1604 1902 Exclamat
1636 1858 1754 1903 enim
1783 1858 1829 1902 in
1857 1857 1938 1904 ho·

371 1944 472 1975 rum
505 1944 593 1973 uno
618 1944 628 1975 ι

497 2013 692 2083 ’Έυρνηζ
715 2053 727 2070 ,
757 2016 902 2078 ἕυςηχζ
920 2054 933 2074 ,
958 2008 1014 2074 ἦν
1044 2013 1198 2067 θέλον,
1231 2011 1277 2071 ἦν
1311 2012 1478 2085 ἐζήτεον
1520 2015 1632 2068 αἰὲι,

600 2089 691 2145 ‘'Hv
723 2091 847 2151 ἕτουν
884 2091 962 2146 τᾶν
992 2087 1127 2161 ἕξωθ,
1150 2084 1195 2149 ἣν
1227 2090 1301 2144 noia
1335 2093 1617 2160 ὀιέσρεπόλεςν.

370 2187 467 2239 Nec
482 2223 495 2242 ‚
547 2183 665 2251 qnod
704 2187 804 2232 huic
832 2183 1085 2250 respondet,
1122 2183 1252 2249 friget
1288 2186 1487 2231 Graecum
1529 2202 1598 2231 AL
1621 2201 1644 2231 E
1663 2204 1690 2232 x
1711 2203 1738 2233 A
1757 2202 1789 2232 Ν
1808 2202 1837 2233 1>
1854 2203 1929 2234 ΚΕ

369 2254 422 2302 ad
473 2273 495 2302 Ρ
516 2274 542 2303 o
565 2273 587 2300 L
607 2271 621 2300 1
640 2272 670 2301 T
691 2272 749 2301 1A
767 2273 798 2302 N
816 2274 844 2302 υ
863 2273 899 2301 Μ
958 2256 1241 2318 Epigramma
1264 2290 1278 2308 ‚
1308 2256 1467 2318 quippe
1523 2253 1630 2299 nihil
1677 2252 1937 2302 diffimulans

369 2323 549 2370 laudum
591 2342 612 2369 P
631 2340 657 2369 o
678 2342 700 2369 L
720 2342 733 2369 1
753 2343 784 2370 T
804 2342 818 2368 ι
840 2342 868 2370 Α
889 2341 918 2368 Ν
938 2338 982 2376 1,
1023 2334 1148 2385 atque
1181 2319 1263 2367 tale
1293 2320 1469 2384 prorsus
1492 2357 1505 2375 ,
1538 2321 1662 2386 quale
1708 2322 1759 2368 ab
1793 2339 1939 2370 aman·

370 2391 525 2446 te‚ets1
567 2391 672 2437 casia
704 2389 852 2444 simul,
876 2389 1054 2437 foewina
1088 2390 1296 2454 expedies.
1376 2389 1515 2436 Placet
1536 2392 1734 2454 inprimis
1770 2389 1938 2455 elegans

370 2458 512 2508 versus
542 2459 636 2513 ille,
662 2476 763 2504 cum
796 2457 986 2504 Hercule
1009 2460 1263 2521 comparans
1304 2476 1326 2505 Ρ
1345 2476 1372 2506 o
1396 2475 1419 2503 1.
1444 2477 1458 2504 1
1486 2475 1516 2504 ‘r
1539 2476 1552 2504 1
1575 2476 1604 2505 A
1623 2477 1653 2505 Ν
1673 2477 1701 2505 υ
1720 2477 1774 2516 Μ,
1811 2459 1939 2524 idque

370 2534 564 2577 carmine
595 2527 887 2590 conipledlens
907 2561 920 2580 ,
953 2525 1068 2591 quod
1109 2525 1205 2573 ssilo
1247 2525 1464 2589 epistolari
1499 2524 1739 2591 expressum
1774 2543 1797 2573 a
1843 2545 1867 2575 Ρ
1888 2545 1902 2574 1
1927 2555 1944 2565 -

372 2615 400 2646 c
420 2619 431 2645 1
455 2617 486 2645 N
508 2616 535 2645 o
587 2594 770 2643 diximus
792 2611 801 2643 :

462 2692 624 2760 ”Aegon
661 2688 796 2751 φύσις
826 2678 884 2741 δ’,
912 2685 1119 2754 αἰριθμοὶ,
1151 2687 1421 2753 ποιήματα,
1456 2687 1609 2756 ulfac,
1634 2688 1800 2759 ἰατροὶ,

576 2764 768 2830 Ἀλκέιδη
809 2769 962 2822 καλέει
1003 2763 1494 2839 ὃά’ντιμε9ελκο’μενα.

1838 2863 1934 2914 Nec
