2064 3115
267 186 350 242 360

763 187 1154 238 HISTORIA
1229 194 1425 235 vlTffi

391 339 497 376 LAE,
527 322 574 367 ὅ(
626 333 745 365 LAU
769 330 1011 365 RE'NTii
1061 332 1220 364 Meni
1242 331 1346 363 cffil
1369 351 1383 371 ,
1429 327 1476 363 ut
1528 320 1614 378 jam
1665 337 1945 370 mortuorum

393 406 413 437 s
434 407 458 438 c
479 407 511 436 A
531 407 554 434 L
573 405 603 435 A
642 387 912 432 mentionem
946 384 1084 432 faciat.
1155 387 1271 431 Inter
1291 386 1371 432 hos
1393 383 1494 450 quid
1518 384 1685 449 gestum
1714 387 1775 442 fit,
1789 394 1833 438 ἀ
1854 393 1946 456 qui·

385 458 461 503 bus
484 456 587 502 alter
615 453 798 500 alterum
822 451 924 499 diris
958 450 1177 499 insediatus
1201 451 1266 509 fit,
1288 471 1388 500 cum
1411 451 1579 500 aliunde
1603 451 1944 519 cognoscere,ni-

385 523 416 571 {i
437 541 489 570 ex
521 524 584 568 his
605 519 717 586 ipfis‚
731 537 832 582 quas
853 518 1051 575 diximum,
1065 519 1284 585 Epistolis‚
1309 524 1355 567 &
1395 539 1418 567 Ρ
1435 539 1462 567 o
1475 541 1500 568 1.
1515 541 1529 568 1
1548 540 1578 570 ‘r
1591 538 1608 568 1
1624 539 1724 569 AN1
1764 526 1945 572 nonnul·

386 592 437 638 lis
470 589 761 642 Carminibus,
780 607 873 636 non
892 588 1031 644 liceat,
1054 605 1148 635 rem
1176 605 1358 635 omnem
1377 606 1426 636 ex
1448 592 1513 636 his
1535 588 1783 655 simpliciter
1803 600 1945 638 narra-

384 659 552 711 bimus,
575 655 763 704 adduffis
787 653 960 704 subinde
981 656 1074 721 ipsis
1094 673 1249 703 eorum
1271 657 1425 714 verbis,
1438 670 1699 723 ut‚‘quantus
1721 662 1854 706 animi
1877 676 1946 707 ex·

385 727 570 774 acerbati
592 725 718 774 furor
746 724 818 780 fit,
844 724 994 771 clarius
1019 724 1245 790 intelligas·
1317 728 1365 771 In
1401 724 1486 791 ipsa
1516 729 1671 772 harum
1708 720 1945 774 contentio-

386 812 494 842 num
521 791 675 840 viscera
697 793 1029 858 inquirentibuS,
1065 792 1169 838 illud
1189 791 1312 838 facile
1333 805 1523 856 apparet,
1536 793 1671 848 idem,
1684 794 1799 860 quod
1822 798 1947 843 omni

373 861 585 929 *tempore
603 864 647 908 in
671 858 954 907 transversum
977 863 1062 924 egit
1085 876 1241 924 magna
1268 863 1453 922 ingenia,
1476 863 1520 906 in
1542 860 1635 925 ipsis
1667 864 1827 910 horum
1858 866 1944 909 ani‘

383 935 467 977 mis
499 933 641 994 prima
678 928 940 975 simultatum
972 925 1130 973 semina
1164 925 1377 991 sparfiffe,
1409 926 1786 992 pertinacissimum
1814 949 1944 977 aemu-

382 997 497 1044 landi
529 996 727 1045 studium.
799 995 920 1041 Alter
951 994 1120 1042 alterins
1149 1012 1238 1041 non
1269 994 1452 1042 fortuna:
1488 999 1658 1050 minus,
1701 1014 1828 1062 qnam
1865 996 1946 1045 do-

383 1066 547 1120 &rinae‚
571 1063 760 1111 aemulus.
832 1064 1027 1127 Uterque
1060 1081 1148 1110 non
1174 1063 1339 1127 vulgari
1358 1062 1470 1128 apud
1501 1066 1745 1128 Principem
1786 1084 1809 1112 L
1832 1085 1862 1114 A
1880 1085 1909 1113 υ
1928 1095 1945 1105 -

385 1152 416 1182 R
431 1153 455 1182 E
473 1153 504 1181 N
526 1149 558 1179 'r
573 1150 589 1180 1
605 1151 632 1180 υ
653 1152 690 1180 M
737 1134 870 1197 gratia
899 1130 1100 1196 pollebat.
1202 1132 1348 1197 Magis
1386 1144 1526 1179 tamen
1571 1133 1745 1197 probari
1787 1152 1811 1181 1,
1831 1152 1863 1181 A
1883 1152 1912 1180 u
1932 1162 1948 1173 -

324 1218 327 1219 ’
388 1218 659 1249 RENTIO
721 1217 1093 1248 r0L1T1AN1
1138 1198 1310 1254 Musas,
1350 1217 1481 1266 quam
1513 1199 1629 1255 suas,
1673 1195 1816 1248 forsan
1857 1219 1947 1249 non

381 1268 538 1317 frustra
570 1265 850 1332 suspicabatur
893 1285 913 1314 s
932 1284 957 1313 c
977 1286 1006 1315 A
1025 1286 1045 1315 1.
1064 1287 1112 1314 A.
1182 1269 1287 1313 Non
1310 1285 1426 1322 raro,
1451 1285 1551 1332 quas
1574 1270 1645 1316 hic
1679 1268 1855 1333 publico
1888 1274 1946 1317 ci-

383 1340 520 1383 vitatis
543 1339 721 1384 nomine
743 1334 881 1382 literas
903 1332 1218 1400 conscripserat,
1254 1335 1512 1401 inelegantes
1537 1336 1774 1384 admodum
1797 1342 1840 1384 &
1862 1342 1945 1384 im-

381 1405 552 1471 politas,
566 1403 795 1452 elimandas
842 1422 866 1450 P
882 1422 910 1451 o
932 1421 956 1449 L
980 1423 993 1450 1
1023 1421 1054 1450 'r
1075 1424 1090 1451 1
1114 1423 1145 1451 A
1163 1422 1195 1450 N
1216 1421 1244 1450 ο
1303 1402 1474 1450 dederat
1521 1422 1545 1449 1.
1561 1422 1590 1449 A
1610 1422 1640 1449 υ
1661 1422 1688 1449 R
1707 1422 1730 1450 13
1750 1422 1943 1459 ,ηπ-ωε,
2005 1434 2011 1435 ⁷

381 1486 591 1539 quantum
631 1489 650 1518 s
667 1489 691 1519 c
707 1491 738 1519 A
755 1491 780 1519 L
796 1490 836 1518 ,ιε
883 1474 1053 1535 ineptiis
1084 1471 1328 1517 dostrinam
1368 1488 1391 1516 P
1410 1487 1437 1517 o
1456 1489 1479 1516 L
1495 1489 1509 1516 ι
1528 1486 1562 1515 Τ
1576 1487 1590 1515 1
1609 1488 1639 1518 A
1655 1487 1690 1516 N
1710 1489 1724 1518 1
1761 1470 1942 1536 praefer-

382 1553 463 1595 ret,
487 1538 562 1586 suo
594 1543 649 1586 ita
675 1537 833 1600 Judieio
866 1538 1045 1584 testatus.
1117 1537 1298 1584 Fadium
1318 1541 1363 1585 &
1384 1535 1637 1602 aliquando,
1659 1551 1731 1591 ut,
1757 1555 1845 1601 quo
1878 1538 1943 1583 lu-

381 1607 489 1657 serat
514 1612 558 1654 in
607 1624 815 1655 SCALAM
872 1624 896 1652 Ρ
913 1624 941 1653 o
962 1623 986 1651 L
1008 1623 1023 1652 1
1040 1623 1071 1652 'r
1088 1622 1103 1650 1
1122 1624 1154 1653 A
1171 1624 1202 1652 N
1220 1621 1251 1651 υ
1271 1622 1290 1650 s
1307 1640 1320 1659 ,
1346 1604 1478 1649 nollet
1506 1621 1529 1649 e
1559 1602 1708 1648 medio
1729 1604 1822 1650 tolli
1840 1607 1945 1650 Car-

381 1694 483 1724 men
509 1675 754 1733 Jambicnm
803 1692 827 1719 L
841 1692 871 1720 A
887 1690 915 1718 n
935 1692 959 1720 R
980 1690 1006 1719 E
1025 1691 1056 1718 N
1075 1690 1105 1718 T
1125 1691 1139 1718 1
1157 1690 1188 1718 u
1209 1689 1228 1718 s
1255 1707 1269 1726 ,
1309 1669 1379 1718 sed
1420 1673 1542 1732 hujus
1574 1670 1817 1734 publicandi
1859 1669 1947 1736 ipse

382 1758 507 1792 autor
532 1741 738 1790 existeret.
784 1743 891 1787 Haec
913 1739 998 1794 fax,
1018 1743 1108 1786 haec
1143 1739 1242 1786 tuba
1268 1739 1495 1787 bellorum.
1521 1741 1684 1802 Aperte
1712 1741 1821 1786 hanc
1842 1743 1946 1786 tanti

382 1830 482 1877 erga
508 1810 548 1858 se
583 1809 672 1857 odis·
713 1807 879 1856 causam
927 1825 1347 1855 BARTHOLOMAEO
1408 1822 1748 1854 Pom'rlANus
1791 1825 1946 1872 expro-

380 1881 474 1927 brat
508 1882 570 1926 inv
586 1879 763 1943 Epistola
787 1879 848 1924 ad
868 1895 979 1931 eum,
989 1875 1074 1924 Lib.
1088 1880 1175 1924 XII.
1199 1878 1269 1942 Ep.
1285 1887 1348 1928 18:
1417 1879 1482 1922 De
1501 1875 1638 1937 Cosmo
1663 1894 1753 1942 quae
1765 1877 1941 1937 jaffas,

380 1948 514 2015 deque
538 1950 773 1993 Laurentio
794 1946 980 1999 Medice,
992 1944 1116 2006 falsa
1140 1949 1297 1991 omnia.
1367 1947 1488 1990 Certe
1512 1947 1791 1998 Laurentius,
1805 1944 1822 2001 (
1836 1946 1945 1991 hunc

383 2022 498 2064 enim
510 2015 820 2076 familiariter
839 2015 984 2073 colui,)
1003 2018 1170 2077 quoties
1192 2012 1244 2058 de
1266 2026 1308 2058 te
1337 2028 1495 2058 mecum
1527 2012 1803 2077 loquebatur,
1823 2012 1945 2075 statis

379 2081 631 2133 indicabat,
666 2082 859 2128 alienum
877 2079 920 2137 [ἐ
936 2079 1162 2141 judicium
1170 2081 1340 2142 fovere,
1361 2096 1442 2126 non
1455 2077 1601 2141 ficum.
1673 2083 1765 2127 Scis
1797 2096 1944 2128 autem

381 2166 430 2200 tu
462 2167 640 2218 quoque,
654 2153 809 2196 literas
830 2150 951 2195 illum
961 2147 1072 2214 saepe
1096 2162 1198 2194 tuas
1224 2147 1393 2213 publice
1413 2146 1607 2212 scriptas
1636 2149 1850 2209 rejectffe,
1872 2167 1943 2195 no-

366 2219 530 2285 bisque
551 2218 706 2278 dedzffi
723 2216 1010 2280 formandas,
1031 2234 1122 2282 quae
1137 2221 1287 2282 prima
1308 2217 1397 2264 odi:
1427 2219 1662 2280 livorisque
1694 2221 1742 2262 in
1773 2235 1838 2262 me
1872 2224 1944 2264 tui

365 2287 506 2350 'causa
539 2287 719 2346 exstitit.
791 2290 876 2332 Nec
900 2301 965 2332 me
988 2285 1134 2350 paffus
1167 2281 1420 2347 Jambicum
1455 2286 1664 2337 Carmen,
1684 2285 1800 2350 quod
1819 2291 1867 2331 in
1899 2298 1943 2332 tc

381 2353 722 2421 conscripseram,
739 2367 980 2419 concerpere
1004 2372 1013 2401 t
1060 2359 1213 2419 quippe
1235 2358 1315 2418 qui
1342 2351 1600 2411 duceret,effi·
1619 2352 1852 2417 indtgnunm
1873 2358 1942 2400 m'-

380 2432 490 2478 mis,
521 2437 572 2470 ut
604 2430 671 2469 ita
713 2420 862 2468 bonum
907 2439 1082 2468 carmen
1123 2426 1345 2467 interiret.
1415 2420 1526 2464 Fieri
1558 2421 1657 2465 hinc
1683 2420 1814 2467 'aliter
1850 2437 1941 2466 non

379 2495 539 2558 potuit,
572 2508 701 2556 quarn
735 2501 779 2535 nt
819 2492 863 2534 in
894 2489 1097 2535 aemulum
1114 2523 1129 2542 ,
1153 2486 1278 2534 famae
1300 2485 1382 2534 suae
1403 2500 1492 2533 tam
1517 2485 1829 2551 perniciosum,
1858 2491 1941 2533 iras

385 2577 554 2609 sCALA
587 2555 849 2623 gravissimas
868 2559 1128 2620 conciperet,
1141 2560 1201 2609 ὃς,
1216 2572 1315 2620 quas
1337 2555 1504 2620 publice
1527 2573 1615 2602 non
1637 2553 1941 2607 audebat‚clam

385 2629 687 2675 existimationi
710 2630 795 2686 ejus
818 2624 992 2671 strueret
1017 2623 1206 2679 insidias,
1230 2623 1338 2669 mala
1372 2627 1518 2670 omnia
1546 2621 1598 2668 de
1629 2627 1715 2680 ejus
1736 2620 1817 2666 ssve
1842 2620 1941 2669 scri-

384 2701 465 2760 ptis
488 2732 502 2748 ,
537 2695 620 2742 {ive
659 2693 851 2740 moribus
873 2728 886 2746 ,
926 2695 968 2737 in
1003 2692 1152 2757 vulgus
1187 2689 1497 2743 disseminaret,
1521 2705 1722 2753 curasque
1754 2693 1793 2736 ἀ
1822 2694 1942 2756 cogi-

385 2767 565 2813 tationes
608 2779 760 2811 omnes
790 2758 840 2809 ad
871 2758 1207 2826 opprimendam
1245 2765 1332 2821 ejus
1371 2757 1623 2823 dignitatem
1655 2771 1940 2809 converteret.

1860 2826 1943 2874 Sed
