2064 3115
264 215 344 261 282

746 221 749 223 ’
790 216 1046 259 H·1,‘STO
1070 216 1155 259 R‘I
1180 219 1213 259 A
1280 218 1474 265 V'ITAE

377 338 478 388 dixi.
551 338 679 387 Aliud
702 337 901 386 foeditatis
923 357 1057 405 genus
1084 338 1167 395 est,-
1184 358 1275 389 non
1297 342 1373 390 nisi
1395 342 1571 391 solenne
1599 348 1677 401 iis,
1713 349 1864 413 quibus
1897 347 1949 395 de

377 407 489 457 duro
511 408 603 457 luto
637 407 815 473 pec'lora
846 411 1023 456 Proteus
1048 408 1188 464 finxit,
1209 409 1261 457 ad
1289 415 1470 476 popinas
1490 429 1727 478 ganeasque
1754 417 1947 482 ablegan-

376 476 494 527 dum.
575 477 731 542 Neque
776 492 881 524 vero
921 477 973 523 ab
1013 478 1100 524 hoc
1123 475 1227 542 *ipso
1273 479 1471 528 abstinuit
1502 478 1643 528 Poeta⁴
1666 480 1948 532 FlorentinuS.

375 547 550 603 Paucis,
587 557 634 590 ut
674 556 807 609 puto,
845 543 896 591 ad
940 544 1132 610 palatum
1168 549 1250 593 erit
1283 547 1390 594 illud
1435 556 1485 597 in
1521 547 1783 603 Mobilium,
1818 558 1949 601 mim·-

377 627 563 667 tantem,
576 631 730 661 novum
745 612 796 676 fi
817 614 983 679 fussur
1012 631 1233 681 verosque«
1249 623 1441 664 tonitrus
1462 618 1702 679 miffurum,
1718 618 1949 682 Epigram-

375 698 464 735 ma,
492 681 564 729 etfi
595 678 838 728 sordidiora
862 684 1060 747 ⁴cogitare
1083 682 1313 730 Letstorem
1335 685 1502 746 jubeat,
1521 701 1649 751 quam
1677 687 1916 751 exprimat:

582 760 711 824 Qod
741 761 897 824 fulgur
922 761 1036 807 mihi
1066 774 1109 807 te
1128 778 1312 816 novum,
1349 764 1540 820 Mabili,

576 829 838 890 Mifficrum,
877 830 927 878 εἴ
949 833 1159 882 tonitrus,
1182 834 1358 883 minere,
1387 849 1534 888 veros,

582 900 665 944 Nil
686 897 754 955 est,
778 902 1000 948 novimus,
1016 895 1088 942 hot
1113 912 1247 962 neque
1283 898 1358 959 effi
1379 898 1526 957 fift'os,

580 967 693 1009 Nam
725 980 850 1010 veros
881 976 984 1010 tuus
1015 963 1088 1024 effi
1126 965 1227 1011 odor
1257 966 1478 1030 probavit.
1539 1025 1541 1027 ι

372 1043 645 1107 Habeatlibi
675 1044 805 1090 Poeta
829 1040 1013 1090 odorem
1059 1043 1215 1100 istum,
1260 1048 1331 1092 vix
1373 1044 1529 1092 noslris
1566 1044 1949 1095 accommodatum

372 1113 559 1160 naribus.
630 1108 758 1158 Addo
791 1113 891 1158 huie
914 1111 1026 1158 aliud
1061 1113 1124 1160 ad
1151 1117 1393 1169 Ponticum,
1408 1117 1601 1178 ineptum
1624 1113 1773 1178 plane,
1803 1115 1951 1165 infice-

353 1191 494 1233 *tum,
518 1176 732 1232 foetidum,
750 1183 960 1233 acuminis
984 1198 1153 1246 expet-S,
1190 1186 1237 1230 &
1269 1185 1314 1228 in
1347 1200 1435 1248 quo
1479 1181 1589 1228 nihil
1627 1185 1795 1237 minus,
1817 1201 1950 1250 quam

376 1266 398 1296 P
420 1266 446 1296 o
472 1266 496 1294 L
521 1266 537 1294 1
562 1264 593 1293 T
613 1264 627 1292 1
646 1265 674 1294 A
694 1265 726 1294 N
744 1264 759 1293 1
796 1246 1025 1311 cognoscas
1060 1252 1301 1314 ingenium.
1370 1250 1517 1298 Molle
1549 1255 1635 1312 ejus
1657 1253 1950 1318 principimm

373 1329 431 1372 at,
455 1333 547 1383 quae
572 1313 645 1363 sub
679 1314 815 1363 finem
837 1315 1067 1383 leguntur,
1090 1317 1252 1373 audite?
1271 1335 1402 1385 quam
1425 1317 1644 1366 invenusta
1665 1318 1770 1365 siut:

576 1400 719 1446 Mitte
749 1399 859 1444 leves
887 1416 1101 1454 numeros,
1141 1400 1304 1447 calamo
1334 1417 1408 1446 nec
1423 1413 1553 1464 parce
1562 1399 1729 1462 jocoft,

646 1466 785 1510 Mitte
815 1479 899 1512 tua
927 1467 1046 1526 testes
1077 1474 1280 1513 carmina
1320 1471 1539 1533 nequitiae.

576 1534 626 1580 Si
645 1533 819 1594 facies,
856 1550 954 1580 caro
973 1533 1060 1592 fies
1088 1533 1200 1581 mihi
1223 1538 1368 1581 carior
1400 1551 1523 1587 auro,

643 1601 698 1645 Et
734 1601 880 1647 nitido
912 1601 1057 1648 Pha-bi
1079 1601 1239 1663 θεῖσα
1275 1602 1513 1665 fulgidior.

574 1668 707 1725 At‚ſs
729 1685 811 1714 non
833 1668 995 1730 facies,
1017 1670 1101 1717 vili
1137 1669 1249 1716 mihi
1271 1670 1404 1715 vilior
1433 1668 1554 1731 alga.

642 1738 783 1801 Atque
823 1739 931 1797 asini
960 1736 1041 1796 fies
1070 1737 1255 1795 stercore
1275 1735 1518 1799 sbrdidior.

370 1812 497 1879 Qasi
530 1829 652 1867 vero,
667 1811 773 1859 dum
798 1811 1017 1861 sordidum
1047 1814 1149 1862 dicit
1189 1833 1211 1862 Ρ
1233 1834 1260 1864 o
1281 1833 1312 1862 N
1336 1832 1367 1861 'r
1390 1833 1404 1861 1
1427 1832 1450 1862 c
1470 1831 1548 1863 UM
1588 1815 1732 1869 Poeta,
1748 1831 1837 1861 non
1859 1811 1946 1879 ipse

371 1901 394 1930 Ρ
413 1900 439 1931 0
462 1900 495 1928 N
515 1897 545 1930 'r
564 1898 579 1927 1
599 1898 623 1929 c
645 1898 674 1928 0
722 1881 856 1947 longe
901 1881 948 1928 fit
987 1880 1225 1930 sordidior.
1330 1880 1623 1947 Relinquenda
1667 1895 1787 1928 erant
1826 1882 1945 1929 afinis

369 1947 440 1998 sua
469 1950 676 2005 stercora,
712 1954 873 1998 nonin
906 1949 1380 2016 lucemrprotrahendae
1403 1968 1492 1997 non
1528 1952 1592 1996 his
1631 1950 1754 1998 bonae
1789 1952 1946 1996 chartae

370 2015 658 2083 inquinandae.
767 2020 1051 2065 Immaturam
1092 2022 1183 2065 haec
1208 2055 1220 2072 ,
1263 2023 1306 2065 ὅ(
1354 2016 1498 2079 judicii
1546 2019 1704 2064 viribus
1747 2016 1946 2065 nondum

370 2085 477 2132 adeo
520 2084 852 2140 confirmatam,
891 2099 1057 2133 aetatem
1097 2085 1303 2134 redolent.
1376 2088 1461 2132 Vix
1494 2089 1611 2132 enim
1654 2096 1788 2132 annos
1827 2097 1944 2143 tunc,

370 2172 472 2200 cum
513 2155 603 2200 haee
648 2151 884 2211 scriberet,
939 2168 1088 2202 natum
1132 2152 1254 2202 fnisse
1298 2153 1449 2201 decem
1491 2158 1533 2201 ὅ(
1576 2154 1679 2202 οᾶο
1727 2171 1945 2202 ANGE-

374 2241 396 2268 L
415 2240 442 2269 u
463 2241 498 2269 M
522 2259 536 2277 ,
568 2220 707 2269 edocet
741 2224 1078 2288 Epigrammatis
1123 2221 1358 2288 inscrijgfio.
1435 2226 1497 2271 Sit
1533 2226 1665 2288 igitur
1697 2226 1824 2270 aetatis
1855 2223 1944 2268 haec

369 2289 529 2354 cnlpa;
579 2307 658 2336 nee
699 2289 796 2337 ideo
832 2309 923 2339 non
957 2291 1135 2340 diledlns
1180 2293 1305 2339 nobis
1339 2291 1388 2340 fit
1437 2310 1467 2339 A
1488 2310 1692 2340 NGELU
1714 2311 1733 2340 s
1772 2289 1942 2342 noster,

293 2395 298 2397 -
369 2358 442 2406 etfi
486 2356 702 2404 interdum
755 2361 935 2406 humani
979 2360 1136 2427 aliquid
1193 2359 1363 2426 passus,
1407 2365 1453 2409 ὅ(
1497 2360 1671 2422 juvenili
1714 2358 1943 2425 petulantia

372 2431 417 2474 in
461 2423 748 2473 transversum
803 2428 1017 2493 abreptus.
1111 2431 1216 2496 Qis
1259 2446 1449 2495 unquam
1492 2428 1601 2476 adeo
1634 2427 1720 2475 sine
1766 2427 1856 2473 labe
1899 2445 1946 2474 o-

372 2499 494 2543 omni
520 2499 563 2543 &
586 2495 751 2542 macula
780 2496 957 2560 prodiit,
979 2501 1051 2562 qui
1086 2516 1177 2544 non
1208 2498 1348 2564 aliqua
1379 2501 1424 2544 in
1462 2515 1509 2544 re
1531 2497 1680 2559 justam
1706 2497 1942 2544 hominum

370 2562 736 2631 perspicapiorum
777 2565 1154 2629 reprehensionem
1199 2570 1469 2614 incurrerit?
1550 2563 1837 2612 Praetermissis
1876 2566 1941 2610 his

372 2639 415 2682 ὅ(
451 2631 674 2698 negletssis‚
703 2650 795 2698 quae
829 2638 913 2693 jam
949 2632 1086 2700 digito
1117 2638 1377 2699 notavimus,
1414 2635 1574 2681 nemini
1605 2650 1692 2680 non
1712 2631 1942 2693 jucundam

370 2706 555 2766 partim,
579 2705 737 2766 partim
771 2699 1062 2759 frutfluosam,
1097 2702 1195 2752 fore
1220 2705 1381 2752 horum
1413 2704 1673 2752 Cat-minum
1705 2700 1942 2748 lediionem

371 2770 639 2817 arbitramur.

1085 2860 1106 2884 2.
1740 2840 1826 2901 (k)
1849 2838 1942 2886 Nu-
