2064 3115
278 249 538 292 ANGELI
610 244 1053 287 AMBROGI'NI
1118 239 1546 293 PVOLITIANI.
1702 238 1768 271 211

143 410 145 413 .
180 385 298 427 „mus
321 370 371 415 ad
407 366 613 429 judicium
647 362 767 410 suum
800 364 924 426 plura
960 377 1320 428 argumentorum
1350 361 1541 427 pondera
1575 356 1765 406 attulisse.

205 441 473 488 Acuminutn
515 437 560 479 in
597 429 795 476 sermone
838 434 967 477 nimis
998 430 1233 478 studiosum
1269 429 1391 478 fuisse
1421 430 1650 481 Nostrum,
1673 445 1768 492 gra-

206 510 427 568 vitatisque
458 503 542 546 hoc
573 494 666 562 ipso
701 498 910 558 jaeiuram
950 496 1118 554 feciffe,
1148 498 1352 546 sententia
1385 498 1443 546 est
1476 516 1496 547 s
1515 515 1538 544 c
1561 515 1591 543 H
1611 514 1639 542 u
1661 514 1687 542 R
1712 514 1768 542 z-

213 592 236 622 Ρ
259 592 281 619 L
303 590 327 620 ε
348 590 362 617 1
380 590 398 618 s
418 585 440 614 c
462 585 491 613 Η
513 585 527 611 1
551 583 565 610 1
613 569 642 614 l.
666 583 699 613 c.
720 581 736 610 .·
800 569 1048 616 Politianus
1104 571 1288 615 multum
1325 567 1435 633 sape
1477 585 1505 614 a
1543 566 1769 629 dignitate

200 643 426 705 sermonis*
453 633 638 692 ruffi,
678 634 729 683 {5
742 670 754 690 ,
789 635 893 681 dum
927 642 1129 685 acumina
1161 643 1295 682 nimis
1323 636 1522 697 fidiatus
1553 634 1633 692 est,
1659 649 1773 695 gra·

211 717 393 757 vitatem
426 706 583 761 amtstt.
655 699 777 746 Idem
807 701 942 755 visum
985 703 1044 748 est
1084 703 1194 749 olim
1240 721 1265 749 ἰ·
1287 720 1312 749 Ε
1335 720 1364 748 T
1386 721 1412 748 R
1429 720 1456 748 0
1518 721 1548 749 A
1571 719 1595 746 1.
1615 718 1641 747 c
1662 718 1689 745 Y
1710 718 1737 746 o
1753 728 1769 738 -

165 830 169 831 ⁷
216 791 307 823 Nlo
329 774 373 818 in
402 769 571 818 Medice
592 771 746 834 legato,
748 768 827 831 [ἐκ
852 769 903 816 de
922 769 1469 833 Exili0,Lih.Il.p.243,ubi
1489 772 1544 813 ita
1566 767 1617 814 ad
1644 783 1773 815 LAU-

214 859 245 889 ιι
264 857 288 886 ε
307 857 336 886 Ν
355 855 386 885 Τ
401 854 417 884 1
433 854 510 883 uM
537 855 548 884 :
619 841 882 903 Qanquam
904 854 1022 884 nemo
1044 853 1188 884 eorum
1219 849 1458 901 temporum
1490 837 1681 900 Scriptor
1703 837 1772 879 iHo

195 909 297 972 suit
318 911 528 972 peritior,
552 904 789 965 ostendebat
820 917 967 952 tamen
991 939 1004 958 ,
1026 904 1078 967 fi
1099 910 1327 971 pigmenta
1348 903 1424 949 illa
1454 917 1537 948 non
1563 899 1686 964 satis
1719 918 1773 946 ex

104 966 113 1036 ζ
142 1029 143 1032 ¹
206 988 306 1023 arte
336 973 543 1039 ustchare
562 1009 577 1031 ,
604 971 962 1039 quemadmodum
1007 980 1157 1038 ineptae
1197 970 1391 1038 quadam
1421 969 1676 1017 muliercula
1694 969 1774 1031 fa-

138 1079 143 1085 .
208 1058 300 1091 cere
315 1035 488 1104 solent,
517 1058 616 1107 ‚qua
635 1042 790 1104 fucum
826 1039 912 1101 fibi
944 1042 1124 1088 illinunt
1144 1054 1308 1107 parum
1327 1038 1518 1100 stienter
1541 1073 1555 1092 ,
1591 1054 1643 1083 ac
1676 1049 1774 1101 pro-

204 1124 354 1177 pterea
379 1114 586 1173 gratiam
609 1114 696 1155 oris
717 1108 769 1157 εἴ
793 1109 1052 1168 venustate-m
1076 1116 1311 1161 amittunt,
1347 1108 1531 1173 denique
1558 1104 1774 1170 pulchrio-

208 1194 280 1225 res
308 1176 588 1230 viderentur,
612 1178 680 1236 st,
705 1175 1030 1223 medicamentis
1053 1178 1225 1241 fucatis
1265 1175 1469 1223 candoris
1508 1173 1559 1223 ὅ
1604 1171 1774 1219 ruboris

209 1249 326 1310 longe
359 1246 557 1309 repulsis,
590 1248 796 1290 nativam
838 1245 1099 1309 elegantiam
1136 1244 1186 1294 65
1219 1243 1484 1290 munditiem
1524 1245 1776 1288 retinerent.

212 1314 303 1366 Hi,
324 1308 492 1374 quando
526 1313 718 1355 acumina
755 1313 1059 1375 pigmentaque
1093 1308 1299 1357 sefiatum
1342 1328 1365 1356 Ρ
1384 1328 1413 1358 o
1428 1328 1452 1358 ι.
1470 1327 1486 1356 1
1509 1325 1540 1355 T
1558 1325 1573 1354 ι
1591 1327 1622 1356 A
1639 1325 1669 1354 N
1689 1325 1717 1352 U
1736 1324 1772 1353 M

148 1377 152 1385 ¹
213 1379 475 1444 perhibent,
530 1394 603 1423 me
648 1375 821 1441 quidem
865 1395 1020 1441 parum
1060 1395 1082 1423 a
1130 1376 1172 1424 se
1217 1374 1531 1424 dissentientem
1570 1375 1776 1428 habeant,

213 1444 352 1492 niodo
383 1462 487 1497 non,
517 1448 560 1489 in
600 1445 800 1489 omnibus
837 1443 1082 1507 promiscue
1110 1450 1195 1505 ejus
1227 1446 1344 1491 libris
1377 1448 1639 1509 praecipuam
1669 1445 1778 1488 hanc

214 1515 253 1557 ei
295 1527 442 1557 curam
473 1506 620 1562 fuiffe,
653 1509 930 1559 contendant.
1033 1513 1310 1573 Mzstellanea
1345 1510 1442 1558 sane
1476 1529 1525 1557 ac
1566 1513 1779 1569 Verstones

214 1583 301 1641 ejus
334 1580 521 1642 quisquis
565 1574 725 1622 diceret
768 1574 925 1623 scatere
961 1582 1164 1642 ergutiis‚
1211 1578 1336 1626 illum
1375 1577 1521 1625 ludere
1563 1588 1777 1642 putarem,

216 1653 417 1710 jocosque
459 1640 679 1693 faceffere.
776 1645 871 1691 Nec
904 1648 949 1691 in
987 1645 1333 1694 Praelecfiiombus
1354 1683 1368 1702 ,
1399 1645 1658 1695 fiLamiam
1687 1642 1779 1691 for-

217 1732 259 1760 te
289 1715 500 1776 excipias,
532 1715 600 1758 cui
629 1710 752 1758 facile
793 1711 1006 1776 indulgeri
1047 1715 1183 1779 potest
1215 1718 1439 1780 ingenium
1474 1711 1625 1768 suum,
1660 1712 1778 1777 larga

216 1784 346 1829 nimis
384 1779 659 1827 festivitatum
690 1776 803 1845 seges
844 1779 1117 1846 conspicitur.
1186 1784 1303 1829 Cum
1327 1784 1543 1848 Epislolis,
1576 1799 1666 1829 non
1704 1798 1779 1828 ne·

217 1866 303 1915 go,
324 1865 420 1894 rem
455 1848 587 1912 longe
609 1846 731 1893 aliter
753 1845 795 1898 se
825 1849 991 1896 habere.
1061 1854 1189 1914 Atqui
1222 1868 1327 1897 vero
1364 1869 1412 1898 ea
1452 1853 1642 1897 maxima
1673 1851 1778 1913 Epi-

204 1916 422 1964 ¹stolarum
450 1918 596 1970 virtuS,
615 1913 658 1961 id
680 1918 922 1962 maximum
946 1915 1088 1972 decus,
1101 1917 1177 1972 est,
1211 1931 1257 1964 ut
1278 1916 1347 1965 sua
1369 1921 1545 1984 ingenio
1567 1919 1638 1964 hic
1665 1915 1780 1982 quafi

216 1983 348 2032 fraena
376 1983 533 2037 laxata,
568 2001 616 2029 ac
639 1981 778 2029 dulces
814 1983 971 2049 ubique
1009 1982 1199 2033 sermoni
1223 1983 1322 2032 sales
1345 1984 1498 2050 asperti
1533 1985 1610 2032 fint
1629 2004 1643 2042 3
1713 1987 1776 2037 &,
1810 1998 1813 1999 ’

219 2062 378 2114 quanto
408 2067 584 2114 quaeque
616 2049 675 2095 est
706 2054 893 2106 acutior,
937 2063 1054 2098 tanto
1083 2056 1247 2115 gratior
1278 2065 1449 2115 putatur
1482 2056 1527 2098 &
1549 2050 1777 2099 venustior.

221 2115 345 2163 Nihil
381 2128 525 2162 tamen
567 2117 655 2160 haec
697 2118 858 2178 ingenii
900 2117 1064 2163 ubertas
1113 2122 1263 2164 nativae
1305 2117 1599 2183 Epistolarum
1643 2117 1780 2164 indoli

223 2187 309 2240 (ita
353 2187 468 2230 enim
509 2186 768 2245 interpretor
815 2188 1030 2245 gravitatis
1053 2221 1067 2240 ,
1099 2203 1192 2249 quae
1239 2182 1316 2232 soli
1371 2185 1561 2252 alioquin
1602 2188 1780 2232 Oratori

224 2255 454 2299 convenire
498 2249 654 2295 dicitur
675 2285 688 2303 ‚
725 2249 981 2297 vocabulum
1006 2287 1019 2305 ,
1059 2269 1078 2298 s
1098 2269 1172 2313 qn
1194 2271 1222 2299 u
1243 2271 1272 2299 R
1293 2269 1317 2298 z
1333 2271 1356 2301 F
1379 2271 1402 2300 L
1422 2273 1446 2302 E
1466 2271 1480 2299 1
1501 2270 1521 2300 s
1539 2271 1563 2301 c
1586 2272 1616 2301 H
1636 2273 1650 2300 1
1671 2272 1698 2300 o
1731 2271 1779 2300 u-

222 2318 488 2384 surpatum,)
522 2316 684 2369 officit,
718 2333 796 2364 nec
836 2320 993 2364 intorta
1028 2315 1164 2385 magis
1194 2324 1240 2368 ὅ(
1279 2325 1509 2368 acervatim
1553 2320 1781 2388 congesta,

223 2404 355 2453 quam
389 2386 495 2433 bene
535 2382 726 2449 disposita
748 2420 762 2439 ,
802 2388 847 2431 ὅ(
890 2382 1039 2451 sponte
1077 2388 1190 2453 quafi
1229 2386 1435 2436 nascentia
1459 2425 1475 2444 ,
1517 2391 1588 2436 hic
1617 2392 1781 2447 acumis

223 2473 278 2502 na
319 2466 534 2518 apparent.
606 2451 918 2517 Indulgendum
948 2467 1090 2503 tamen
1122 2460 1165 2504 ὃ(
1196 2459 1267 2504 hic
1298 2456 1457 2522 aliquid
1491 2462 1660 2504 veritati
1692 2457 1780 2512 est,

225 2526 271 2569 ἅ.
314 2539 468 2569 eorum
509 2516 814 2568 assentiendum
846 2520 1037 2583 judicio,
1066 2525 1214 2588 quibus
1252 2543 1564 2592 nonnunquam
1595 2530 1641 2572 in
1684 2529 1782 2592 Epi·

214 2592 338 2653 stolis
376 2592 561 2636 nimium
609 2585 826 2635 lasciviiffe
865 2589 999 2636 bonus
1036 2595 1100 2638 vir
1138 2596 1316 2657 ingenio
1341 2630 1354 2648 ,
1390 2608 1514 2658 atque
1560 2596 1645 2641 hoc
1686 2591 1779 2658 ipso

227 2658 456 2723 caliginem
490 2654 706 2704 obduxisse
735 2655 936 2714 sermoni,
955 2656 1061 2705 visus
1092 2660 1163 2707 est.
1234 2666 1299 2719 Jo
1315 2698 1325 2708 .
1372 2681 1395 2707 L
1417 2679 1444 2708 υ
1466 2679 1492 2707 D
1512 2697 1521 2707 .
1558 2677 1588 2709 v
1607 2680 1622 2709 1
1637 2680 1668 2707 v
1687 2678 1711 2707 E
1729 2678 1750 2707 s
1766 2697 1780 2716 ,

228 2726 375 2780 ludere
402 2743 483 2772 non
523 2742 624 2772 raro
671 2725 721 2775 &⁴
742 2724 944 2786 'lascivire
980 2746 1001 2774 P
1018 2746 1047 2774 o
1065 2747 1088 2776 1.
1106 2746 1122 2774 1
1143 2747 1173 2787 Τ
1190 2747 1204 2775 1
1223 2749 1252 2779 Α
1267 2746 1299 2778 N
1316 2750 1343 2777 U
1361 2750 1417 2785 M,
1455 2730 1559 2776 dixit
1588 2733 1636 2777 in
1666 2729 1781 2776 libro

228 2794 280 2855 de
305 2792 513 2857 Conscrib.
529 2794 648 2859 Epist.
668 2796 758 2842 TJ.
773 2797 867 2860 Opp.
901 2799 995 2855 ejus
1002 2809 1049 2861 p.
1061 2814 1116 2843 m.
1129 2811 1175 2858 83
1192 2816 1213 2853 ;
1281 2804 1396 2865 cums
1427 2796 1633 2859 judicium
1655 2795 1780 2845 suum

159 2929 162 2933 .
226 2857 367 2911 :fecisse
390 2859 553 2910 videtur
591 2878 622 2911 G
639 2871 669 2911 R
683 2879 708 2911 E
725 2878 755 2915 G
774 2879 801 2911 0
818 2879 869 2910 R.
908 2879 945 2912 M
961 2881 992 2916 A
1007 2882 1026 2930 J
1042 2882 1074 2914 A
1091 2882 1161 2932 λῇς
1181 2884 1196 2913 1
1213 2883 1242 2914 υ
1266 2884 1284 2915 s
1302 2903 1317 2924 ‚
1347 2862 1597 2916 Antecess'or
1622 2864 1781 2913 Valen-

1191 2960 1196 2961 ν
1652 2946 1783 2990 tinus,
